3228 5090
630 1091 900 1188 VITA.

281 1427 520 1494 Maximilianus
538 1424 669 1490 Schultz
692 1429 786 1492 natus
810 1446 878 1491 sum
902 1428 954 1493 die
976 1430 1036 1494 VI.
1061 1430 1177 1495 mensis
1193 1432 1334 1496 Ianuarii

197 1553 226 1600 a.
254 1533 285 1596 h.
314 1551 338 1596 o.
378 1528 533 1594 LXXIV
572 1528 713 1594 Borolini
750 1532 842 1610 patre
883 1529 1021 1613 Oscaro,
1060 1536 1160 1598 matre
1198 1535 1333 1613 Ioanna,

197 1636 330 1716 egente
344 1631 564 1713 Rothcnstein,
589 1651 668 1715 quos
690 1636 839 1714 parentes
863 1635 967 1700 adhuc
990 1655 1061 1702 esse
1083 1637 1271 1718 superst‘les
1294 1657 1334 1702 ex

196 1739 300 1804 animo
334 1737 468 1818 gaudeo.
525 1735 636 1800 Fidem
670 1736 819 1817 profiteor
852 1739 1080 1820 evangelicam.
1138 1739 1333 1806 Litterarum

195 1841 375 1924 primordiis
398 1839 538 1905 imbutus
560 1859 619 1920 per
640 1858 752 1905 novem
778 1859 877 1907 annos
901 1842 964 1907 adii
988 1844 1188 1924 gymnasium
1213 1845 1333 1925 regium

196 1945 392 2011 Fridericurn
420 1943 614 2009 Guilelmum
644 1943 859 2026 Berolinense,
896 1947 980 2028 quod
1008 1947 1185 2012 Hermanni
1209 1949 1333 2029 Kernii,

198 2068 270 2116 mox
292 2047 420 2113 Noeteli
443 2046 595 2128 auspiciis
617 2045 759 2112 florebat.

282 2150 481 2217 Maturitatis
504 2141 718 2215 testimonium
742 2170 819 2216 vere
834 2171 863 2216 a.
879 2151 998 2218 XCIII
1021 2157 1188 2219 assecutus
1211 2155 1334 2219 civibus

195 2255 385 2322 academicis
397 2254 572 2319 hiterarum
585 2253 814 2320 Universitalis
828 2255 1042 2321 Berolinensis
1055 2256 1236 2339 adscriptus
1252 2276 1331 2323 sunr.

196 2360 259 2424 Per
281 2350 451 2424 duodecies
474 2376 532 2422 sex
554 2376 679 2422 menses
706 2359 820 2423 studiis
852 2359 1054 2440 philologieis
1088 2379 1216 2442 operam
1251 2361 1333 2425 dedi.

197 2464 384 2530 Docuerunt
406 2481 456 2528 me
482 2461 544 2526 viri
571 2461 760 2526 doctissimi:
795 2462 939 2543 Bastian,
968 2463 1116 2545 Breysig,
1146 2462 1275 2530 Curtius
1298 2461 1333 2549 †,

197 2566 389 2647 Delhruech,
402 2564 539 2645 Bessan,
553 2564 707 2645 Deutsch,
721 2564 821 2646 Diels,
839 2565 982 2649 Dilthey,
999 2567 1153 2648 Froehde,
1170 2568 1333 2649 Harnack,

195 2667 390 2749 Hirschfeld,
425 2667 588 2748 Huebner,
623 2667 758 2750 Kattan,
792 2669 972 2750 Kirchhoff,
1008 2670 1163 2751 Kuebler,
1197 2672 1332 2752 Lasson,

195 2774 293 2855 Lenz,
328 2773 554 2839 Lommatzsch
576 2768 611 2858 †,
646 2772 794 2853 Paulson,
829 2772 1177 2856 Scheffer-Boichorst,
1207 2773 1333 2855 Strach,

197 2878 333 2944 Vahlen.

280 2982 454 3048 Praeterea
486 2979 647 3045 seminarii
678 2979 760 3060 regii
781 2979 976 3062 philologici,
1004 2982 1089 3064 quod
1112 2981 1334 3048 Kirchhoffius

196 3089 228 3150 et
250 3086 416 3151 Vahlenus
439 3084 651 3163 moderantur,
675 3102 733 3164 per
755 3083 865 3148 novies
888 3103 946 3149 sex
980 3105 1104 3151 mensas
1137 3086 1255 3151 sodalis
1289 3085 1336 3150 fui

195 3189 375 3256 ordinarius
397 3188 544 3270 idemque
567 3187 672 3251 senior
694 3206 751 3267 per
773 3187 941 3270 quinquies
964 3208 1022 3254 sex
1045 3208 1177 3256 menses,

283 3293 371 3357 Viris
393 3291 616 3357 illustrissimis
639 3291 694 3374 qui
709 3310 758 3356 me
775 3291 950 3357 docuerunt
965 3293 1086 3375 gratias
1102 3313 1163 3374 ago
1180 3292 1334 3374 omnibus,

195 3395 437 3461 candidissimas
460 3414 535 3461 vero
559 3413 629 3460 curn
646 3393 847 3461 Kirchhoffio
870 3403 936 3461 tum
952 3397 1109 3478 Vahleno,
1134 3396 1188 3479 qui
1210 3416 1336 3478 semper·

195 3499 229 3564 in
252 3518 302 3564 me
325 3501 393 3571 crat
415 3498 570 3580 singulari
594 3498 824 3564 benevolentia.

283 3602 453 3669 Societatis
487 3602 688 3668 academicae
721 3602 934 3684 philologicae
962 3603 1079 3669 sodalis
1107 3622 1175 3668 sum
1198 3603 1272 3669 inde
1294 3603 1334 3669 ab

198 3708 347 3772 autumno
371 3725 399 3771 a.
424 3703 550 3771 XCHI.
