<?xml version="1.0" encoding="UTF-8"?>
<!DOCTYPE html PUBLIC "-//W3C//DTD XHTML 1.0 Transitional//EN"
    "http://www.w3.org/TR/xhtml1/DTD/xhtml1-transitional.dtd">
<html xmlns="http://www.w3.org/1999/xhtml" xml:lang="en" lang="en">
 <head>
  <title>
</title>
<meta http-equiv="Content-Type" content="text/html;charset=utf-8" />
  <meta name='ocr-system' content='tesseract 3.04.00' />
  <meta name='ocr-capabilities' content='ocr_page ocr_carea ocr_par ocr_line ocrx_word'/>
</head>
<body>
  <div class='ocr_page' id='page_1' title='image "./depliniiepistol00schugoog_0032.png"; bbox 0 0 3228 5090; ppageno 0'>
   <div class='ocr_carea' id='block_1_1' title="bbox 615 452 829 516">
    <p class='ocr_par' dir='ltr' id='par_1_1' title="bbox 615 452 829 516">
     <span class='ocr_line' id='line_1_1' title="bbox 615 452 829 516; baseline 0 -18"><span class='ocrx_word' id='word_1_1' title='bbox 615 452 829 516; x_wconf 69' lang='lat'>..25-</span> 
     </span>
    </p>
   </div>
   <div class='ocr_carea' id='block_1_2' title="bbox 145 635 1362 4240">
    <p class='ocr_par' dir='ltr' id='par_1_2' title="bbox 150 635 1316 2981">
     <span class='ocr_line' id='line_1_2' title="bbox 157 635 1287 723; baseline -0.004 -19"><span class='ocrx_word' id='word_1_2' title='bbox 157 641 206 704; x_wconf 90' lang='lat' dir='ltr'><strong>est</strong></span> <span class='ocrx_word' id='word_1_3' title='bbox 228 639 364 707; x_wconf 84' lang='lat' dir='ltr'><strong>Plinium</strong></span> <span class='ocrx_word' id='word_1_4' title='bbox 386 640 477 707; x_wconf 87' lang='lat' dir='ltr'><strong>breui</strong></span> <span class='ocrx_word' id='word_1_5' title='bbox 497 643 572 723; x_wconf 88' lang='lat' dir='ltr'><strong>post</strong></span> <span class='ocrx_word' id='word_1_6' title='bbox 593 640 759 723; x_wconf 91' lang='lat' dir='ltr'><strong>epistolam</strong></span> <span class='ocrx_word' id='word_1_7' title='bbox 786 639 936 721; x_wconf 84' lang='lat' dir='ltr'><strong>scriptam</strong></span> <span class='ocrx_word' id='word_1_8' title='bbox 966 658 1000 705; x_wconf 91' lang='lat' dir='ltr'><strong>re</strong></span> <span class='ocrx_word' id='word_1_9' title='bbox 1027 657 1104 704; x_wconf 91' lang='lat' dir='ltr'><strong>vera</strong></span> <span class='ocrx_word' id='word_1_10' title='bbox 1130 635 1287 702; x_wconf 82' lang='lat' dir='ltr'><strong>Fabatum</strong></span> 
     </span>
     <span class='ocr_line' id='line_1_3' title="bbox 157 739 1286 827; baseline -0.004 -19"><span class='ocrx_word' id='word_1_11' title='bbox 157 760 226 808; x_wconf 87' lang='lat' dir='ltr'><strong>cum</strong></span> <span class='ocrx_word' id='word_1_12' title='bbox 251 762 348 811; x_wconf 82' lang='lat' dir='ltr'><strong>uxore</strong></span> <span class='ocrx_word' id='word_1_13' title='bbox 363 743 521 825; x_wconf 79' lang='lat' dir='ltr'><strong>visitasse,</strong></span> <span class='ocrx_word' id='word_1_14' title='bbox 544 761 614 809; x_wconf 92' lang='lat' dir='ltr'><strong>cum</strong></span> <span class='ocrx_word' id='word_1_15' title='bbox 629 742 814 826; x_wconf 89' lang='lat' dir='ltr'><strong>praesertim</strong></span> <span class='ocrx_word' id='word_1_16' title='bbox 830 739 850 827; x_wconf 66' lang='grc' dir='ltr'>ξ</span> <span class='ocrx_word' id='word_1_17' title='bbox 866 749 895 807; x_wconf 86' lang='lat'><strong>5·</strong></span> <span class='ocrx_word' id='word_1_18' title='bbox 908 744 1043 808; x_wconf 75' lang='lat' dir='ltr'><strong>testetur</strong></span> <span class='ocrx_word' id='word_1_19' title='bbox 1058 740 1286 806; x_wconf 80' lang='lat' dir='ltr'><strong>dedicationem</strong></span> 
     </span>
     <span class='ocr_line' id='line_1_4' title="bbox 155 843 1288 929; baseline -0.003 -18"><span class='ocrx_word' id='word_1_20' title='bbox 155 846 266 928; x_wconf 91' lang='lat' dir='ltr'><strong>templi</strong></span> <span class='ocrx_word' id='word_1_21' title='bbox 302 847 427 929; x_wconf 82' lang='lat' dir='ltr'><strong>longius</strong></span> <span class='ocrx_word' id='word_1_22' title='bbox 464 845 589 913; x_wconf 79' lang='lat' dir='ltr'><strong>differre</strong></span> <span class='ocrx_word' id='word_1_23' title='bbox 626 865 696 913; x_wconf 87' lang='lat' dir='ltr'><strong>csse</strong></span> <span class='ocrx_word' id='word_1_24' title='bbox 732 846 951 928; x_wconf 83' lang='lat' dir='ltr'><strong>imeligiosum.</strong></span> <span class='ocrx_word' id='word_1_25' title='bbox 1008 845 1068 910; x_wconf 93' lang='lat' dir='ltr'><strong>His</strong></span> <span class='ocrx_word' id='word_1_26' title='bbox 1105 843 1288 926; x_wconf 79' lang='lat' dir='ltr'><strong>praemissis</strong></span> 
     </span>
     <span class='ocr_line' id='line_1_5' title="bbox 155 947 1287 1034; baseline -0.003 -19"><span class='ocrx_word' id='word_1_27' title='bbox 155 950 335 1016; x_wconf 75' lang='lat' dir='ltr'><strong>assedimus</strong></span> <span class='ocrx_word' id='word_1_28' title='bbox 357 951 398 1016; x_wconf 92' lang='lat' dir='ltr'><strong>ad</strong></span> <span class='ocrx_word' id='word_1_29' title='bbox 421 969 471 1033; x_wconf 90' lang='lat' dir='ltr'><strong>ep.</strong></span> <span class='ocrx_word' id='word_1_30' title='bbox 487 952 538 1016; x_wconf 89' lang='lat' dir='ltr'><strong>IV</strong></span> <span class='ocrx_word' id='word_1_31' title='bbox 555 957 604 1031; x_wconf 87' lang='grc'><strong>19,</strong></span> <span class='ocrx_word' id='word_1_32' title='bbox 628 969 691 1034; x_wconf 89' lang='lat' dir='ltr'><strong>qua</strong></span> <span class='ocrx_word' id='word_1_33' title='bbox 706 950 829 1016; x_wconf 90' lang='lat' dir='ltr'><strong>Plinius</strong></span> <span class='ocrx_word' id='word_1_34' title='bbox 844 949 1021 1032; x_wconf 86' lang='lat' dir='ltr'><strong>Hispullae,</strong></span> <span class='ocrx_word' id='word_1_35' title='bbox 1038 949 1128 1015; x_wconf 92' lang='lat' dir='ltr'><strong>cuius</strong></span> <span class='ocrx_word' id='word_1_36' title='bbox 1143 947 1287 1014; x_wconf 92' lang='lat' dir='ltr'><strong>manibus</strong></span> 
     </span>
     <span class='ocr_line' id='line_1_6' title="bbox 156 1050 1288 1137; baseline -0.001 -19"><span class='ocrx_word' id='word_1_37' title='bbox 156 1050 329 1135; x_wconf 84' lang='lat' dir='ltr'><strong>Calpurnia</strong></span> <span class='ocrx_word' id='word_1_38' title='bbox 344 1073 423 1120; x_wconf 82' lang='lat' dir='ltr'><strong>uxor</strong></span> <span class='ocrx_word' id='word_1_39' title='bbox 437 1055 573 1122; x_wconf 89' lang='lat' dir='ltr'><strong>educata</strong></span> <span class='ocrx_word' id='word_1_40' title='bbox 588 1057 646 1136; x_wconf 92' lang='lat' dir='ltr'><strong>est,</strong></span> <span class='ocrx_word' id='word_1_41' title='bbox 663 1053 815 1120; x_wconf 87' lang='lat' dir='ltr'><strong>describit</strong></span> <span class='ocrx_word' id='word_1_42' title='bbox 829 1056 980 1137; x_wconf 89' lang='lat' dir='ltr'><strong>quautam</strong></span> <span class='ocrx_word' id='word_1_43' title='bbox 1002 1052 1156 1119; x_wconf 86' lang='lat' dir='ltr'><strong>laetitiam</strong></span> <span class='ocrx_word' id='word_1_44' title='bbox 1172 1051 1288 1118; x_wconf 80' lang='lat' dir='ltr'><strong>cotidie</strong></span> 
     </span>
     <span class='ocr_line' id='line_1_7' title="bbox 157 1152 1287 1240; baseline -0.003 -18"><span class='ocrx_word' id='word_1_45' title='bbox 157 1175 199 1222; x_wconf 84' lang='lat' dir='ltr'><strong>ex</strong></span> <span class='ocrx_word' id='word_1_46' title='bbox 229 1157 291 1223; x_wconf 92' lang='lat' dir='ltr'><strong>hoc</strong></span> <span class='ocrx_word' id='word_1_47' title='bbox 322 1157 520 1224; x_wconf 89' lang='lat' dir='ltr'><strong>matrimonio</strong></span> <span class='ocrx_word' id='word_1_48' title='bbox 555 1158 670 1240; x_wconf 91' lang='lat' dir='ltr'><strong>capiat.</strong></span> <span class='ocrx_word' id='word_1_49' title='bbox 716 1156 767 1223; x_wconf 93' lang='lat' dir='ltr'><strong>lbi</strong></span> <span class='ocrx_word' id='word_1_50' title='bbox 800 1176 871 1224; x_wconf 92' lang='lat' dir='ltr'><strong>cum</strong></span> <span class='ocrx_word' id='word_1_51' title='bbox 905 1158 986 1222; x_wconf 91' lang='lat' dir='ltr'><strong>haec</strong></span> <span class='ocrx_word' id='word_1_52' title='bbox 1019 1157 1167 1237; x_wconf 85' lang='lat' dir='ltr'><strong>legantur</strong></span> <span class='ocrx_word' id='word_1_53' title='bbox 1193 1152 1226 1240; x_wconf 64' lang='grc' dir='ltr'><strong>(ξ</strong></span> <span class='ocrx_word' id='word_1_54' title='bbox 1253 1154 1287 1240; x_wconf 86' lang='grc'><strong>8)</strong></span> 
     </span>
     <span class='ocr_line' id='line_1_8' title="bbox 155 1261 1316 1346; baseline 0 -22"><span class='ocrx_word' id='word_1_55' title='bbox 155 1264 298 1326; x_wconf 80' lang='lat' dir='ltr'><strong>certatim</strong></span> <span class='ocrx_word' id='word_1_56' title='bbox 326 1284 396 1346; x_wconf 75' lang='lat' dir='ltr'><strong>erpo</strong></span> <span class='ocrx_word' id='word_1_57' title='bbox 419 1261 478 1326; x_wconf 73' lang='lat' dir='ltr'><strong>ribi</strong></span> <span class='ocrx_word' id='word_1_58' title='bbox 502 1265 624 1345; x_wconf 74' lang='lat' dir='ltr'><strong>pretias</strong></span> <span class='ocrx_word' id='word_1_59' title='bbox 647 1264 778 1346; x_wconf 73' lang='lat' dir='ltr'><strong>aqimus,</strong></span> <span class='ocrx_word' id='word_1_60' title='bbox 807 1283 860 1344; x_wconf 74' lang='lat' dir='ltr'><strong>epo</strong></span> <span class='ocrx_word' id='word_1_61' title='bbox 882 1261 966 1345; x_wconf 85' lang='lat' dir='ltr'><strong>quod</strong></span> <span class='ocrx_word' id='word_1_62' title='bbox 997 1261 1087 1329; x_wconf 78' lang='lat' dir='ltr'><strong>illam</strong></span> <span class='ocrx_word' id='word_1_63' title='bbox 1109 1261 1196 1339; x_wconf 77' lang='lat' dir='ltr'><strong>uuili,</strong></span> <span class='ocrx_word' id='word_1_64' title='bbox 1229 1261 1316 1324; x_wconf 81' lang='lat' dir='ltr'><strong>illa.</strong></span> 
     </span>
     <span class='ocr_line' id='line_1_9' title="bbox 154 1360 1288 1450; baseline -0.002 -21"><span class='ocrx_word' id='word_1_65' title='bbox 154 1365 238 1449; x_wconf 83' lang='lat' dir='ltr'><strong>quod</strong></span> <span class='ocrx_word' id='word_1_66' title='bbox 262 1387 311 1430; x_wconf 87' lang='lat' dir='ltr'><strong>me</strong></span> <span class='ocrx_word' id='word_1_67' title='bbox 343 1364 404 1428; x_wconf 84' lang='lat' dir='ltr'><strong>sibi</strong></span> <span class='ocrx_word' id='word_1_68' title='bbox 430 1366 565 1446; x_wconf 64' lang='lat' dir='ltr'><strong>dederis,</strong></span> <span class='ocrx_word' id='word_1_69' title='bbox 594 1368 688 1450; x_wconf 80' lang='lat' dir='ltr'><strong>quasi</strong></span> <span class='ocrx_word' id='word_1_70' title='bbox 713 1367 846 1430; x_wconf 81' lang='lat' dir='ltr'><strong>inuicem</strong></span> <span class='ocrx_word' id='word_1_71' title='bbox 869 1365 997 1448; x_wconf 68' lang='lat' dir='ltr'><strong>crepas</strong></span> <span class='ocrx_word' id='word_1_72' title='bbox 1031 1360 1125 1428; x_wconf 88' lang='lat' dir='ltr'><strong>facile</strong></span> <span class='ocrx_word' id='word_1_73' title='bbox 1152 1362 1288 1428; x_wconf 83' lang='lat' dir='ltr'><strong>sentitur</strong></span> 
     </span>
     <span class='ocr_line' id='line_1_10' title="bbox 155 1463 1287 1549; baseline 0.001 -20"><span class='ocrx_word' id='word_1_74' title='bbox 155 1466 292 1532; x_wconf 89' lang='lat' dir='ltr'><strong>Plinium</strong></span> <span class='ocrx_word' id='word_1_75' title='bbox 314 1468 376 1533; x_wconf 93' lang='lat' dir='ltr'><strong>hac</strong></span> <span class='ocrx_word' id='word_1_76' title='bbox 397 1467 532 1549; x_wconf 86' lang='lat' dir='ltr'><strong>epistola</strong></span> <span class='ocrx_word' id='word_1_77' title='bbox 552 1466 688 1549; x_wconf 89' lang='lat' dir='ltr'><strong>primurn</strong></span> <span class='ocrx_word' id='word_1_78' title='bbox 714 1464 834 1549; x_wconf 87' lang='lat' dir='ltr'><strong>aliquid</strong></span> <span class='ocrx_word' id='word_1_79' title='bbox 860 1466 900 1532; x_wconf 94' lang='lat' dir='ltr'><strong>de</strong></span> <span class='ocrx_word' id='word_1_80' title='bbox 922 1463 1095 1548; x_wconf 85' lang='lat' dir='ltr'><strong>Calpurnia</strong></span> <span class='ocrx_word' id='word_1_81' title='bbox 1122 1485 1220 1530; x_wconf 85' lang='lat' dir='ltr'><strong>uxore</strong></span> <span class='ocrx_word' id='word_1_82' title='bbox 1246 1465 1287 1531; x_wconf 93' lang='lat' dir='ltr'><strong>ad</strong></span> 
     </span>
     <span class='ocr_line' id='line_1_11' title="bbox 155 1569 1288 1655; baseline 0 -19"><span class='ocrx_word' id='word_1_83' title='bbox 155 1570 334 1654; x_wconf 90' lang='lat' dir='ltr'><strong>Hispullam</strong></span> <span class='ocrx_word' id='word_1_84' title='bbox 358 1571 533 1653; x_wconf 81' lang='lat' dir='ltr'><strong>scripsisse.</strong></span> <span class='ocrx_word' id='word_1_85' title='bbox 580 1570 674 1655; x_wconf 81' lang='lat' dir='ltr'><strong>Quod</strong></span> <span class='ocrx_word' id='word_1_86' title='bbox 703 1589 740 1637; x_wconf 95' lang='lat' dir='ltr'><strong>eo</strong></span> <span class='ocrx_word' id='word_1_87' title='bbox 768 1569 975 1636; x_wconf 88' lang='lat' dir='ltr'><strong>confidentius</strong></span> <span class='ocrx_word' id='word_1_88' title='bbox 1002 1589 1186 1635; x_wconf 88' lang='lat' dir='ltr'><strong>asseverare</strong></span> <span class='ocrx_word' id='word_1_89' title='bbox 1211 1569 1288 1636; x_wconf 92' lang='lat' dir='ltr'><strong>licet</strong></span> 
     </span>
     <span class='ocr_line' id='line_1_12' title="bbox 155 1673 1287 1757; baseline -0.001 -17"><span class='ocrx_word' id='word_1_90' title='bbox 155 1674 229 1757; x_wconf 89' lang='lat' dir='ltr'><strong>quia</strong></span> <span class='ocrx_word' id='word_1_91' title='bbox 256 1674 379 1740; x_wconf 89' lang='lat' dir='ltr'><strong>Plinius</strong></span> <span class='ocrx_word' id='word_1_92' title='bbox 405 1675 535 1741; x_wconf 91' lang='lat' dir='ltr'><strong>ineunte</strong></span> <span class='ocrx_word' id='word_1_93' title='bbox 563 1675 711 1756; x_wconf 88' lang='lat' dir='ltr'><strong>epistola,</strong></span> <span class='ocrx_word' id='word_1_94' title='bbox 740 1692 797 1739; x_wconf 92' lang='lat' dir='ltr'><strong>cur</strong></span> <span class='ocrx_word' id='word_1_95' title='bbox 822 1673 991 1755; x_wconf 83' lang='lat' dir='ltr'><strong>llispullae</strong></span> <span class='ocrx_word' id='word_1_96' title='bbox 1016 1673 1213 1755; x_wconf 82' lang='lat' dir='ltr'><strong>potissimum</strong></span> <span class='ocrx_word' id='word_1_97' title='bbox 1248 1673 1287 1739; x_wconf 93' lang='lat' dir='ltr'><strong>de</strong></span> 
     </span>
     <span class='ocr_line' id='line_1_13' title="bbox 154 1775 1287 1862; baseline -0.001 -19"><span class='ocrx_word' id='word_1_98' title='bbox 154 1777 261 1843; x_wconf 82' lang='lat' dir='ltr'><strong>uxoris</strong></span> <span class='ocrx_word' id='word_1_99' title='bbox 289 1777 460 1843; x_wconf 89' lang='lat' dir='ltr'><strong>virtutibus</strong></span> <span class='ocrx_word' id='word_1_100' title='bbox 483 1777 612 1859; x_wconf 89' lang='lat' dir='ltr'><strong>scribat,</strong></span> <span class='ocrx_word' id='word_1_101' title='bbox 640 1779 698 1843; x_wconf 91' lang='lat' dir='ltr'><strong>has</strong></span> <span class='ocrx_word' id='word_1_102' title='bbox 726 1775 817 1843; x_wconf 83' lang='lat' dir='ltr'><strong>affert</strong></span> <span class='ocrx_word' id='word_1_103' title='bbox 844 1795 959 1843; x_wconf 89' lang='lat' dir='ltr'><strong>causas</strong></span> <span class='ocrx_word' id='word_1_104' title='bbox 986 1800 1055 1840; x_wconf 80' lang='lat' dir='ltr'><strong>com</strong></span> <span class='ocrx_word' id='word_1_105' title='bbox 1087 1780 1130 1840; x_wconf 82' lang='lat' dir='ltr'><strong>sis</strong></span> <span class='ocrx_word' id='word_1_106' title='bbox 1155 1782 1287 1862; x_wconf 72' lang='lat' dir='ltr'><strong>pietacs</strong></span> 
     </span>
     <span class='ocr_line' id='line_1_14' title="bbox 154 1883 1288 1967; baseline -0.001 -21"><span class='ocrx_word' id='word_1_107' title='bbox 154 1883 324 1967; x_wconf 71' lang='lat' dir='ltr'><strong>exemplum</strong></span> <span class='ocrx_word' id='word_1_108' title='bbox 361 1885 555 1967; x_wconf 81' lang='lat' dir='ltr'><strong>fratremque</strong></span> <span class='ocrx_word' id='word_1_109' title='bbox 591 1885 740 1966; x_wconf 82' lang='lat' dir='ltr'><strong>optimum</strong></span> <span class='ocrx_word' id='word_1_110' title='bbox 778 1893 808 1946; x_wconf 83' lang='lat' dir='ltr'><strong>at</strong></span> <span class='ocrx_word' id='word_1_111' title='bbox 845 1883 1094 1944; x_wconf 80' lang='lat' dir='ltr'><strong>amantissimum</strong></span> <span class='ocrx_word' id='word_1_112' title='bbox 1129 1884 1177 1944; x_wconf 83' lang='lat' dir='ltr'><strong>lui</strong></span> <span class='ocrx_word' id='word_1_113' title='bbox 1212 1884 1288 1966; x_wconf 66' lang='lat' dir='ltr'><strong>pura</strong></span> 
     </span>
     <span class='ocr_line' id='line_1_15' title="bbox 153 1985 1285 2070; baseline 0.002 -22"><span class='ocrx_word' id='word_1_114' title='bbox 153 1988 284 2050; x_wconf 66' lang='lat' dir='ltr'><strong>curtiule</strong></span> <span class='ocrx_word' id='word_1_115' title='bbox 311 1986 461 2051; x_wconf 67' lang='lat' dir='ltr'><strong>dilexeras</strong></span> <span class='ocrx_word' id='word_1_116' title='bbox 475 1985 642 2070; x_wconf 78' lang='lat' dir='ltr'><strong>filiamque</strong></span> <span class='ocrx_word' id='word_1_117' title='bbox 670 1987 735 2050; x_wconf 81' lang='lat' dir='ltr'><strong>eiua</strong></span> <span class='ocrx_word' id='word_1_118' title='bbox 761 1996 797 2048; x_wconf 85' lang='lat' dir='ltr'><strong>ut</strong></span> <span class='ocrx_word' id='word_1_119' title='bbox 830 1995 916 2048; x_wconf 83' lang='lat' dir='ltr'><strong>tuum</strong></span> <span class='ocrx_word' id='word_1_120' title='bbox 942 1985 1059 2068; x_wconf 69' lang='lat' dir='ltr'><strong>diliqos</strong></span> <span class='ocrx_word' id='word_1_121' title='bbox 1085 2007 1141 2050; x_wconf 80' lang='lat' dir='ltr'><strong>nec</strong></span> <span class='ocrx_word' id='word_1_122' title='bbox 1164 1997 1285 2050; x_wconf 81' lang='lat' dir='ltr'><strong>lantum</strong></span> 
     </span>
     <span class='ocr_line' id='line_1_16' title="bbox 152 2087 1286 2173; baseline 0.002 -23"><span class='ocrx_word' id='word_1_123' title='bbox 152 2091 267 2153; x_wconf 82' lang='lat' dir='ltr'><strong>amitae</strong></span> <span class='ocrx_word' id='word_1_124' title='bbox 288 2091 319 2154; x_wconf 83' lang='lat' dir='ltr'><strong>ci</strong></span> <span class='ocrx_word' id='word_1_125' title='bbox 339 2087 498 2172; x_wconf 83' lang='lat' dir='ltr'><strong>adfectum</strong></span> <span class='ocrx_word' id='word_1_126' title='bbox 512 2111 619 2154; x_wconf 75' lang='lat' dir='ltr'><strong>cerum</strong></span> <span class='ocrx_word' id='word_1_127' title='bbox 635 2091 729 2154; x_wconf 83' lang='lat' dir='ltr'><strong>etiam</strong></span> <span class='ocrx_word' id='word_1_128' title='bbox 741 2091 846 2173; x_wconf 59' lang='lat' dir='ltr'><strong>putris</strong></span> <span class='ocrx_word' id='word_1_129' title='bbox 860 2089 970 2151; x_wconf 81' lang='lat' dir='ltr'><strong>amicat</strong></span> <span class='ocrx_word' id='word_1_130' title='bbox 983 2100 1207 2172; x_wconf 67' lang='lat' dir='ltr'><strong>repraesentes,</strong></span> <span class='ocrx_word' id='word_1_131' title='bbox 1223 2111 1286 2154; x_wconf 80' lang='lat' dir='ltr'><strong>con</strong></span> 
     </span>
     <span class='ocr_line' id='line_1_17' title="bbox 152 2191 1285 2277; baseline 0.003 -22"><span class='ocrx_word' id='word_1_132' title='bbox 152 2191 260 2256; x_wconf 83' lang='lat' dir='ltr'><strong>dubito</strong></span> <span class='ocrx_word' id='word_1_133' title='bbox 283 2194 419 2256; x_wconf 79' lang='lat' dir='ltr'><strong>muar&#39;mo</strong></span> <span class='ocrx_word' id='word_1_134' title='bbox 443 2191 500 2256; x_wconf 72' lang='lat' dir='ltr'><strong>rubi</strong></span> <span class='ocrx_word' id='word_1_135' title='bbox 520 2193 638 2276; x_wconf 73' lang='lat' dir='ltr'><strong>paculio</strong></span> <span class='ocrx_word' id='word_1_136' title='bbox 660 2195 738 2271; x_wconf 84' lang='lat' dir='ltr'><strong>fore,</strong></span> <span class='ocrx_word' id='word_1_137' title='bbox 762 2212 830 2255; x_wconf 84' lang='lat' dir='ltr'><strong>cum</strong></span> <span class='ocrx_word' id='word_1_138' title='bbox 845 2194 1025 2274; x_wconf 78' lang='lat' dir='ltr'><strong>copaoceru&#39;c</strong></span> <span class='ocrx_word' id='word_1_139' title='bbox 1040 2191 1169 2274; x_wconf 77' lang='lat' dir='ltr'><strong>dr&#39;pucm</strong></span> <span class='ocrx_word' id='word_1_140' title='bbox 1183 2204 1285 2277; x_wconf 79' lang='lat' dir='ltr'><strong>putre,</strong></span> 
     </span>
     <span class='ocr_line' id='line_1_18' title="bbox 151 2291 1287 2378; baseline 0.001 -20"><span class='ocrx_word' id='word_1_141' title='bbox 151 2296 281 2378; x_wconf 59' lang='lat' dir='ltr'><strong>dicaam</strong></span> <span class='ocrx_word' id='word_1_142' title='bbox 314 2306 352 2372; x_wconf 87' lang='lat' dir='ltr'><strong>tc,</strong></span> <span class='ocrx_word' id='word_1_143' title='bbox 386 2296 516 2378; x_wconf 70' lang='lat' dir='ltr'><strong>liquam</strong></span> <span class='ocrx_word' id='word_1_144' title='bbox 548 2317 606 2358; x_wconf 86' lang='lat' dir='ltr'><strong>aco</strong></span> <span class='ocrx_word' id='word_1_145' title='bbox 639 2295 778 2360; x_wconf 83' lang='lat' dir='ltr'><strong>euadere.</strong></span> <span class='ocrx_word' id='word_1_146' title='bbox 823 2291 918 2358; x_wconf 83' lang='lat' dir='ltr'><strong>Unde</strong></span> <span class='ocrx_word' id='word_1_147' title='bbox 946 2291 1039 2358; x_wconf 83' lang='lat' dir='ltr'><strong>simul</strong></span> <span class='ocrx_word' id='word_1_148' title='bbox 1065 2293 1127 2358; x_wconf 87' lang='lat' dir='ltr'><strong>hoc</strong></span> <span class='ocrx_word' id='word_1_149' title='bbox 1152 2295 1287 2375; x_wconf 81' lang='lat' dir='ltr'><strong>apparet</strong></span> 
     </span>
     <span class='ocr_line' id='line_1_19' title="bbox 150 2394 1286 2480; baseline 0 -19"><span class='ocrx_word' id='word_1_150' title='bbox 150 2397 288 2462; x_wconf 91' lang='lat' dir='ltr'><strong>Plinium</strong></span> <span class='ocrx_word' id='word_1_151' title='bbox 326 2416 367 2462; x_wconf 85' lang='lat' dir='ltr'><strong>ex</strong></span> <span class='ocrx_word' id='word_1_152' title='bbox 403 2416 465 2480; x_wconf 90' lang='lat' dir='ltr'><strong>quo</strong></span> <span class='ocrx_word' id='word_1_153' title='bbox 505 2394 709 2479; x_wconf 85' lang='lat' dir='ltr'><strong>Calpurniam</strong></span> <span class='ocrx_word' id='word_1_154' title='bbox 746 2396 779 2461; x_wconf 91' lang='lat' dir='ltr'><strong>in</strong></span> <span class='ocrx_word' id='word_1_155' title='bbox 817 2395 1048 2462; x_wconf 86' lang='lat' dir='ltr'><strong>matrimonium</strong></span> <span class='ocrx_word' id='word_1_156' title='bbox 1086 2396 1178 2462; x_wconf 77' lang='lat' dir='ltr'><strong>duxit</strong></span> <span class='ocrx_word' id='word_1_157' title='bbox 1214 2416 1286 2463; x_wconf 89' lang='lat' dir='ltr'><strong>cum</strong></span> 
     </span>
     <span class='ocr_line' id='line_1_20' title="bbox 151 2499 1284 2588; baseline 0 -22"><span class='ocrx_word' id='word_1_158' title='bbox 151 2500 301 2583; x_wconf 88' lang='lat' dir='ltr'><strong>Hispulla</strong></span> <span class='ocrx_word' id='word_1_159' title='bbox 322 2520 385 2566; x_wconf 94' lang='lat' dir='ltr'><strong>non</strong></span> <span class='ocrx_word' id='word_1_160' title='bbox 409 2520 471 2566; x_wconf 90' lang='lat' dir='ltr'><strong>uua</strong></span> <span class='ocrx_word' id='word_1_161' title='bbox 494 2499 592 2568; x_wconf 87' lang='lat' dir='ltr'><strong>fuisse</strong></span> <span class='ocrx_word' id='word_1_162' title='bbox 614 2501 670 2567; x_wconf 91' lang='lat' dir='ltr'><strong>sed</strong></span> <span class='ocrx_word' id='word_1_163' title='bbox 694 2519 779 2566; x_wconf 91' lang='lat' dir='ltr'><strong>nunc</strong></span> <span class='ocrx_word' id='word_1_164' title='bbox 800 2500 935 2588; x_wconf 89' lang='lat' dir='ltr'><strong>primurn</strong></span> <span class='ocrx_word' id='word_1_165' title='bbox 957 2519 1016 2583; x_wconf 90' lang='lat' dir='ltr'><strong>per</strong></span> <span class='ocrx_word' id='word_1_166' title='bbox 1032 2499 1197 2583; x_wconf 90' lang='lat' dir='ltr'><strong>epistolam</strong></span> <span class='ocrx_word' id='word_1_167' title='bbox 1213 2520 1284 2567; x_wconf 92' lang='lat' dir='ltr'><strong>cum</strong></span> 
     </span>
     <span class='ocr_line' id='line_1_21' title="bbox 150 2604 1285 2689; baseline 0.002 -20"><span class='ocrx_word' id='word_1_168' title='bbox 150 2623 188 2670; x_wconf 90' lang='lat' dir='ltr'><strong>aa</strong></span> <span class='ocrx_word' id='word_1_169' title='bbox 210 2604 250 2669; x_wconf 92' lang='lat' dir='ltr'><strong>de</strong></span> <span class='ocrx_word' id='word_1_170' title='bbox 272 2623 371 2670; x_wconf 82' lang='lat' dir='ltr'><strong>uxore</strong></span> <span class='ocrx_word' id='word_1_171' title='bbox 393 2623 498 2686; x_wconf 79' lang='lat' dir='ltr'><strong>agere.</strong></span> <span class='ocrx_word' id='word_1_172' title='bbox 546 2604 638 2689; x_wconf 76' lang='lat' dir='ltr'><strong>Quae</strong></span> <span class='ocrx_word' id='word_1_173' title='bbox 664 2604 692 2670; x_wconf 91' lang='lat' dir='ltr'><strong>si</strong></span> <span class='ocrx_word' id='word_1_174' title='bbox 724 2609 811 2670; x_wconf 90' lang='lat' dir='ltr'><strong>recte</strong></span> <span class='ocrx_word' id='word_1_175' title='bbox 834 2604 1048 2687; x_wconf 81' lang='lat' dir='ltr'><strong>exposuimus,</strong></span> <span class='ocrx_word' id='word_1_176' title='bbox 1082 2605 1285 2687; x_wconf 90' lang='lat' dir='ltr'><strong>perspicuum</strong></span> 
     </span>
     <span class='ocr_line' id='line_1_22' title="bbox 151 2707 1284 2791; baseline 0.001 -18"><span class='ocrx_word' id='word_1_177' title='bbox 151 2712 209 2789; x_wconf 90' lang='lat' dir='ltr'><strong>est,</strong></span> <span class='ocrx_word' id='word_1_178' title='bbox 233 2708 398 2790; x_wconf 88' lang='lat' dir='ltr'><strong>epistolam</strong></span> <span class='ocrx_word' id='word_1_179' title='bbox 425 2707 498 2774; x_wconf 91' lang='lat' dir='ltr'><strong>libri</strong></span> <span class='ocrx_word' id='word_1_180' title='bbox 524 2709 631 2791; x_wconf 89' lang='lat' dir='ltr'><strong>quarti</strong></span> <span class='ocrx_word' id='word_1_181' title='bbox 657 2708 925 2774; x_wconf 83' lang='lat' dir='ltr'><strong>undevicesimum</strong></span> <span class='ocrx_word' id='word_1_182' title='bbox 958 2707 1093 2790; x_wconf 90' lang='lat' dir='ltr'><strong>priorem</strong></span> <span class='ocrx_word' id='word_1_183' title='bbox 1124 2727 1194 2773; x_wconf 88' lang='lat' dir='ltr'><strong>esse</strong></span> <span class='ocrx_word' id='word_1_184' title='bbox 1216 2709 1284 2774; x_wconf 90' lang='lat' dir='ltr'><strong>eius</strong></span> 
     </span>
     <span class='ocr_line' id='line_1_23' title="bbox 150 2810 1283 2894; baseline 0 -18"><span class='ocrx_word' id='word_1_185' title='bbox 150 2810 222 2876; x_wconf 89' lang='lat' dir='ltr'><strong>libri</strong></span> <span class='ocrx_word' id='word_1_186' title='bbox 236 2811 348 2893; x_wconf 90' lang='lat' dir='ltr'><strong>prima,</strong></span> <span class='ocrx_word' id='word_1_187' title='bbox 364 2813 397 2877; x_wconf 92' lang='lat' dir='ltr'><strong>et</strong></span> <span class='ocrx_word' id='word_1_188' title='bbox 410 2812 470 2877; x_wconf 89' lang='lat' dir='ltr'><strong>has</strong></span> <span class='ocrx_word' id='word_1_189' title='bbox 484 2811 611 2894; x_wconf 91' lang='lat' dir='ltr'><strong>quidem</strong></span> <span class='ocrx_word' id='word_1_190' title='bbox 628 2811 707 2878; x_wconf 88' lang='lat' dir='ltr'><strong>duas</strong></span> <span class='ocrx_word' id='word_1_191' title='bbox 723 2811 874 2893; x_wconf 85' lang='lat' dir='ltr'><strong>epistolas</strong></span> <span class='ocrx_word' id='word_1_192' title='bbox 889 2831 951 2876; x_wconf 94' lang='lat' dir='ltr'><strong>non</strong></span> <span class='ocrx_word' id='word_1_193' title='bbox 967 2829 1037 2877; x_wconf 90' lang='lat' dir='ltr'><strong>esse</strong></span> <span class='ocrx_word' id='word_1_194' title='bbox 1053 2831 1093 2876; x_wconf 86' lang='lat' dir='ltr'><strong>ex</strong></span> <span class='ocrx_word' id='word_1_195' title='bbox 1107 2813 1283 2894; x_wconf 88' lang='lat' dir='ltr'><strong>temporum</strong></span> 
     </span>
     <span class='ocr_line' id='line_1_24' title="bbox 150 2914 1201 2981; baseline -0.002 -1"><span class='ocrx_word' id='word_1_196' title='bbox 150 2914 272 2981; x_wconf 86' lang='lat' dir='ltr'><strong>ratione</strong></span> <span class='ocrx_word' id='word_1_197' title='bbox 294 2914 466 2981; x_wconf 90' lang='lat' dir='ltr'><strong>ordinatas.</strong></span> <span class='ocrx_word' id='word_1_198' title='bbox 1198 2953 1201 2960; x_wconf 93' lang='lat'>·</span> 
     </span>
    </p>

    <p class='ocr_par' dir='ltr' id='par_1_3' title="bbox 145 3017 1362 4240">
     <span class='ocr_line' id='line_1_25' title="bbox 150 3017 1362 3101; baseline 0.005 -23"><span class='ocrx_word' id='word_1_199' title='bbox 150 3071 152 3078; x_wconf 93' lang='lat'><em>.</em></span> <span class='ocrx_word' id='word_1_200' title='bbox 236 3017 327 3083; x_wconf 91' lang='lat' dir='ltr'><strong>Libri</strong></span> <span class='ocrx_word' id='word_1_201' title='bbox 348 3018 451 3101; x_wconf 90' lang='lat' dir='ltr'><strong>quinti</strong></span> <span class='ocrx_word' id='word_1_202' title='bbox 473 3017 638 3101; x_wconf 89' lang='lat' dir='ltr'><strong>epistolam</strong></span> <span class='ocrx_word' id='word_1_203' title='bbox 663 3022 807 3086; x_wconf 92' lang='lat' dir='ltr'><strong>octavam</strong></span> <span class='ocrx_word' id='word_1_204' title='bbox 836 3022 909 3101; x_wconf 87' lang='lat' dir='ltr'><strong>post</strong></span> <span class='ocrx_word' id='word_1_205' title='bbox 932 3031 1003 3101; x_wconf 92' lang='lat' dir='ltr'><strong>epp.</strong></span> <span class='ocrx_word' id='word_1_206' title='bbox 1027 3021 1077 3085; x_wconf 94' lang='lat' dir='ltr'><strong>VI</strong></span> <span class='ocrx_word' id='word_1_207' title='bbox 1092 3025 1126 3095; x_wconf 82' lang='lat'><strong>2;</strong></span> <span class='ocrx_word' id='word_1_208' title='bbox 1153 3025 1206 3101; x_wconf 83' lang='lat'><strong>183</strong></span> <span class='ocrx_word' id='word_1_209' title='bbox 1241 3026 1282 3086; x_wconf 80' lang='lat'><strong>23</strong></span> <span class='ocrx_word' id='word_1_210' title='bbox 1310 3031 1362 3074; x_wconf 68' lang='grc' dir='ltr'><strong>νδ-</strong></span> 
     </span>
     <span class='ocr_line' id='line_1_26' title="bbox 150 3119 1284 3207; baseline 0.001 -21"><span class='ocrx_word' id='word_1_211' title='bbox 150 3120 300 3202; x_wconf 85' lang='lat' dir='ltr'><strong>scriptam</strong></span> <span class='ocrx_word' id='word_1_212' title='bbox 334 3139 405 3186; x_wconf 89' lang='lat' dir='ltr'><strong>esse</strong></span> <span class='ocrx_word' id='word_1_213' title='bbox 439 3119 519 3187; x_wconf 88' lang='lat' dir='ltr'><strong>falso</strong></span> <span class='ocrx_word' id='word_1_214' title='bbox 553 3122 668 3188; x_wconf 88' lang='lat' dir='ltr'><strong>Petrus</strong></span> <span class='ocrx_word' id='word_1_215' title='bbox 703 3121 747 3206; x_wconf 87' lang='lat' dir='ltr'><strong>(p.</strong></span> <span class='ocrx_word' id='word_1_216' title='bbox 772 3120 848 3207; x_wconf 80' lang='lat'>703)</span> <span class='ocrx_word' id='word_1_217' title='bbox 881 3122 1004 3188; x_wconf 88' lang='lat' dir='ltr'><strong>statuit.</strong></span> <span class='ocrx_word' id='word_1_218' title='bbox 1060 3122 1187 3188; x_wconf 81' lang='lat' dir='ltr'><strong>Etenim</strong></span> <span class='ocrx_word' id='word_1_219' title='bbox 1223 3124 1284 3187; x_wconf 91' lang='lat' dir='ltr'><strong>hac</strong></span> 
     </span>
     <span class='ocr_line' id='line_1_27' title="bbox 149 3222 1283 3308; baseline 0.001 -20"><span class='ocrx_word' id='word_1_220' title='bbox 149 3224 284 3306; x_wconf 88' lang='lat' dir='ltr'><strong>epistola</strong></span> <span class='ocrx_word' id='word_1_221' title='bbox 304 3224 428 3290; x_wconf 86' lang='lat' dir='ltr'><strong>Plinius</strong></span> <span class='ocrx_word' id='word_1_222' title='bbox 451 3224 569 3290; x_wconf 73' lang='lat' dir='ltr'><strong>Titinio</strong></span> <span class='ocrx_word' id='word_1_223' title='bbox 592 3222 750 3308; x_wconf 84' lang='lat' dir='ltr'><strong>Capitoni,</strong></span> <span class='ocrx_word' id='word_1_224' title='bbox 774 3225 829 3308; x_wconf 90' lang='lat' dir='ltr'><strong>qui</strong></span> <span class='ocrx_word' id='word_1_225' title='bbox 851 3225 1013 3292; x_wconf 89' lang='lat' dir='ltr'><strong>historiam</strong></span> <span class='ocrx_word' id='word_1_226' title='bbox 1030 3229 1066 3290; x_wconf 93' lang='lat' dir='ltr'><strong>ut</strong></span> <span class='ocrx_word' id='word_1_227' title='bbox 1081 3228 1283 3306; x_wconf 92' lang='lat' dir='ltr'><strong>componeret</strong></span> 
     </span>
     <span class='ocr_line' id='line_1_28' title="bbox 149 3326 1282 3409; baseline -0.001 -16"><span class='ocrx_word' id='word_1_228' title='bbox 149 3330 260 3394; x_wconf 86' lang='lat' dir='ltr'><strong>auctor</strong></span> <span class='ocrx_word' id='word_1_229' title='bbox 282 3327 311 3393; x_wconf 95' lang='lat' dir='ltr'><strong>ei</strong></span> <span class='ocrx_word' id='word_1_230' title='bbox 333 3327 446 3409; x_wconf 88' lang='lat' dir='ltr'><strong>suerat,</strong></span> <span class='ocrx_word' id='word_1_231' title='bbox 470 3328 516 3394; x_wconf 87' lang='lat' dir='ltr'><strong>ita</strong></span> <span class='ocrx_word' id='word_1_232' title='bbox 537 3328 684 3394; x_wconf 85' lang='lat' dir='ltr'><strong>rescribit</strong></span> <span class='ocrx_word' id='word_1_233' title='bbox 706 3347 741 3395; x_wconf 92' lang='lat' dir='ltr'><strong>so</strong></span> <span class='ocrx_word' id='word_1_234' title='bbox 763 3348 835 3395; x_wconf 89' lang='lat' dir='ltr'><strong>curn</strong></span> <span class='ocrx_word' id='word_1_235' title='bbox 858 3329 1017 3396; x_wconf 90' lang='lat' dir='ltr'><strong>orationes</strong></span> <span class='ocrx_word' id='word_1_236' title='bbox 1040 3332 1134 3394; x_wconf 90' lang='lat' dir='ltr'><strong>antea</strong></span> <span class='ocrx_word' id='word_1_237' title='bbox 1156 3326 1282 3393; x_wconf 91' lang='lat' dir='ltr'><strong>habitas</strong></span> 
     </span>
     <span class='ocr_line' id='line_1_29' title="bbox 148 3430 1281 3515; baseline 0 -19"><span class='ocrx_word' id='word_1_238' title='bbox 148 3433 308 3512; x_wconf 87' lang='lat' dir='ltr'><strong>retractet,</strong></span> <span class='ocrx_word' id='word_1_239' title='bbox 321 3431 489 3514; x_wconf 91' lang='lat' dir='ltr'><strong>quominus</strong></span> <span class='ocrx_word' id='word_1_240' title='bbox 501 3436 695 3515; x_wconf 79' lang='lat' dir='ltr'><strong>exsequatur</strong></span> <span class='ocrx_word' id='word_1_241' title='bbox 705 3432 739 3497; x_wconf 87' lang='lat' dir='ltr'><strong>iu</strong></span> <span class='ocrx_word' id='word_1_242' title='bbox 750 3433 834 3515; x_wconf 91' lang='lat' dir='ltr'><strong>quod</strong></span> <span class='ocrx_word' id='word_1_243' title='bbox 846 3432 983 3498; x_wconf 86' lang='lat' dir='ltr'><strong>suaserit</strong></span> <span class='ocrx_word' id='word_1_244' title='bbox 994 3432 1114 3497; x_wconf 91' lang='lat' dir='ltr'><strong>amicus</strong></span> <span class='ocrx_word' id='word_1_245' title='bbox 1126 3430 1281 3513; x_wconf 90' lang='lat' dir='ltr'><strong>impediri.</strong></span> 
     </span>
     <span class='ocr_line' id='line_1_30' title="bbox 148 3534 1281 3619; baseline -0.003 -17"><span class='ocrx_word' id='word_1_246' title='bbox 148 3537 264 3618; x_wconf 90' lang='lat' dir='ltr'><strong>Itaque</strong></span> <span class='ocrx_word' id='word_1_247' title='bbox 297 3554 368 3601; x_wconf 92' lang='lat' dir='ltr'><strong>cum</strong></span> <span class='ocrx_word' id='word_1_248' title='bbox 401 3536 578 3619; x_wconf 92' lang='lat' dir='ltr'><strong>utrumque,</strong></span> <span class='ocrx_word' id='word_1_249' title='bbox 612 3539 645 3601; x_wconf 93' lang='lat' dir='ltr'><strong>et</strong></span> <span class='ocrx_word' id='word_1_250' title='bbox 678 3535 819 3602; x_wconf 91' lang='lat' dir='ltr'><strong>actiones</strong></span> <span class='ocrx_word' id='word_1_251' title='bbox 852 3534 1025 3602; x_wconf 84' lang='lat' dir='ltr'><strong>rescribere</strong></span> <span class='ocrx_word' id='word_1_252' title='bbox 1052 3537 1085 3600; x_wconf 92' lang='lat' dir='ltr'><strong>et</strong></span> <span class='ocrx_word' id='word_1_253' title='bbox 1118 3534 1281 3600; x_wconf 85' lang='lat' dir='ltr'><strong>historiam</strong></span> 
     </span>
     <span class='ocr_line' id='line_1_31' title="bbox 149 3637 1282 3721; baseline 0 -17"><span class='ocrx_word' id='word_1_254' title='bbox 149 3656 336 3721; x_wconf 90' lang='lat' dir='ltr'><strong>componere</strong></span> <span class='ocrx_word' id='word_1_255' title='bbox 362 3639 449 3705; x_wconf 94' lang='lat' dir='ltr'><strong>nullo</strong></span> <span class='ocrx_word' id='word_1_256' title='bbox 482 3638 573 3706; x_wconf 91' lang='lat' dir='ltr'><strong>modo</strong></span> <span class='ocrx_word' id='word_1_257' title='bbox 600 3639 712 3721; x_wconf 90' lang='lat' dir='ltr'><strong>possit,</strong></span> <span class='ocrx_word' id='word_1_258' title='bbox 745 3638 871 3705; x_wconf 91' lang='lat' dir='ltr'><strong>interim</strong></span> <span class='ocrx_word' id='word_1_259' title='bbox 899 3657 934 3704; x_wconf 93' lang='lat' dir='ltr'><strong>se</strong></span> <span class='ocrx_word' id='word_1_260' title='bbox 956 3638 1082 3704; x_wconf 90' lang='lat' dir='ltr'><strong>veniam</strong></span> <span class='ocrx_word' id='word_1_261' title='bbox 1104 3637 1282 3704; x_wconf 89' lang='lat' dir='ltr'><strong>advocandi</strong></span> 
     </span>
     <span class='ocr_line' id='line_1_32' title="bbox 145 3739 1280 3825; baseline 0 -19"><span class='ocrx_word' id='word_1_262' title='bbox 145 3743 266 3822; x_wconf 90' lang='lat' dir='ltr'><strong>petere.</strong></span> <span class='ocrx_word' id='word_1_263' title='bbox 300 3739 363 3808; x_wconf 85' lang='lat' dir='ltr'><strong>Sed</strong></span> <span class='ocrx_word' id='word_1_264' title='bbox 379 3761 420 3808; x_wconf 93' lang='lat' dir='ltr'><strong>ne</strong></span> <span class='ocrx_word' id='word_1_265' title='bbox 435 3741 560 3808; x_wconf 92' lang='lat' dir='ltr'><strong>omnino</strong></span> <span class='ocrx_word' id='word_1_266' title='bbox 576 3742 739 3808; x_wconf 89' lang='lat' dir='ltr'><strong>consilium</strong></span> <span class='ocrx_word' id='word_1_267' title='bbox 753 3740 918 3825; x_wconf 81' lang='lat' dir='ltr'><strong>Capitonis</strong></span> <span class='ocrx_word' id='word_1_268' title='bbox 933 3742 1114 3824; x_wconf 82' lang='lat' dir='ltr'><strong>neglexisse</strong></span> <span class='ocrx_word' id='word_1_269' title='bbox 1125 3742 1280 3822; x_wconf 89' lang='lat' dir='ltr'><strong>videatur,</strong></span> 
     </span>
     <span class='ocr_line' id='line_1_33' title="bbox 147 3843 1281 3932; baseline 0.001 -23"><span class='ocrx_word' id='word_1_270' title='bbox 147 3843 188 3909; x_wconf 88' lang='lat' dir='ltr'><strong>ab</strong></span> <span class='ocrx_word' id='word_1_271' title='bbox 211 3863 248 3912; x_wconf 90' lang='lat' dir='ltr'><strong>oo</strong></span> <span class='ocrx_word' id='word_1_272' title='bbox 269 3844 352 3926; x_wconf 93' lang='lat' dir='ltr'><strong>petit</strong></span> <span class='ocrx_word' id='word_1_273' title='bbox 370 3844 483 3910; x_wconf 89' lang='lat' dir='ltr'><strong>utiam</strong></span> <span class='ocrx_word' id='word_1_274' title='bbox 498 3863 583 3912; x_wconf 93' lang='lat' dir='ltr'><strong>nunc</strong></span> <span class='ocrx_word' id='word_1_275' title='bbox 597 3845 726 3927; x_wconf 76' lang='lat' dir='ltr'><strong>cogitet,</strong></span> <span class='ocrx_word' id='word_1_276' title='bbox 750 3845 790 3911; x_wconf 91' lang='lat' dir='ltr'><strong>de</strong></span> <span class='ocrx_word' id='word_1_277' title='bbox 805 3844 920 3932; x_wconf 90' lang='lat' dir='ltr'><strong>quibus</strong></span> <span class='ocrx_word' id='word_1_278' title='bbox 935 3845 1071 3911; x_wconf 84' lang='lat' dir='ltr'><strong>maxime</strong></span> <span class='ocrx_word' id='word_1_279' title='bbox 1086 3843 1281 3926; x_wconf 87' lang='lat' dir='ltr'><strong>temporibus</strong></span> 
     </span>
     <span class='ocr_line' id='line_1_34' title="bbox 146 3946 1280 4034; baseline 0 -22"><span class='ocrx_word' id='word_1_280' title='bbox 146 3946 346 4014; x_wconf 87' lang='lat' dir='ltr'><strong>scribendum</strong></span> <span class='ocrx_word' id='word_1_281' title='bbox 359 3967 429 4014; x_wconf 87' lang='lat' dir='ltr'><strong>esse</strong></span> <span class='ocrx_word' id='word_1_282' title='bbox 444 3952 575 4015; x_wconf 88' lang='lat' dir='ltr'><strong>censeat</strong></span> <span class='ocrx_word' id='word_1_283' title='bbox 586 3946 619 4034; x_wconf 62' lang='grc' dir='ltr'><strong>(β</strong></span> <span class='ocrx_word' id='word_1_284' title='bbox 636 3949 699 4033; x_wconf 77' lang='lat'><strong>12).</strong></span> <span class='ocrx_word' id='word_1_285' title='bbox 733 3949 786 4014; x_wconf 79' lang='lat' dir='ltr'><strong>Ex</strong></span> <span class='ocrx_word' id='word_1_286' title='bbox 801 3949 851 4016; x_wconf 88' lang='lat' dir='ltr'><strong>his</strong></span> <span class='ocrx_word' id='word_1_287' title='bbox 866 3950 983 4015; x_wconf 91' lang='lat' dir='ltr'><strong>Petrus</strong></span> <span class='ocrx_word' id='word_1_288' title='bbox 998 3949 1127 4031; x_wconf 86' lang='lat' dir='ltr'><strong>collegit</strong></span> <span class='ocrx_word' id='word_1_289' title='bbox 1142 3948 1280 4013; x_wconf 93' lang='lat' dir='ltr'><strong>Plinium</strong></span> 
     </span>
     <span class='ocr_line' id='line_1_35' title="bbox 146 4052 1281 4136; baseline 0 -19"><span class='ocrx_word' id='word_1_290' title='bbox 146 4057 181 4117; x_wconf 89' lang='lat' dir='ltr'><strong>re</strong></span> <span class='ocrx_word' id='word_1_291' title='bbox 202 4071 280 4118; x_wconf 89' lang='lat' dir='ltr'><strong>vera</strong></span> <span class='ocrx_word' id='word_1_292' title='bbox 301 4052 464 4119; x_wconf 85' lang='lat' dir='ltr'><strong>historiam</strong></span> <span class='ocrx_word' id='word_1_293' title='bbox 478 4052 655 4135; x_wconf 87' lang='lat' dir='ltr'><strong>scripsisse,</strong></span> <span class='ocrx_word' id='word_1_294' title='bbox 679 4056 712 4119; x_wconf 94' lang='lat' dir='ltr'><strong>et</strong></span> <span class='ocrx_word' id='word_1_295' title='bbox 727 4053 882 4136; x_wconf 90' lang='lat' dir='ltr'><strong>cumipse</strong></span> <span class='ocrx_word' id='word_1_296' title='bbox 897 4056 1041 4134; x_wconf 88' lang='lat' dir='ltr'><strong>testetur,</strong></span> <span class='ocrx_word' id='word_1_297' title='bbox 1058 4072 1093 4119; x_wconf 89' lang='lat' dir='ltr'><strong>so</strong></span> <span class='ocrx_word' id='word_1_298' title='bbox 1108 4071 1171 4119; x_wconf 92' lang='lat' dir='ltr'><strong>non</strong></span> <span class='ocrx_word' id='word_1_299' title='bbox 1185 4070 1281 4134; x_wconf 90' lang='lat' dir='ltr'><strong>posse</strong></span> 
     </span>
     <span class='ocr_line' id='line_1_36' title="bbox 146 4155 1281 4240; baseline 0 -18"><span class='ocrx_word' id='word_1_300' title='bbox 146 4155 241 4222; x_wconf 87' lang='lat' dir='ltr'><strong>simul</strong></span> <span class='ocrx_word' id='word_1_301' title='bbox 273 4156 473 4222; x_wconf 83' lang='lat' dir='ltr'><strong>electiones</strong></span> <span class='ocrx_word' id='word_1_302' title='bbox 507 4155 681 4223; x_wconf 87' lang='lat' dir='ltr'><strong>rescribere</strong></span> <span class='ocrx_word' id='word_1_303' title='bbox 702 4159 736 4222; x_wconf 91' lang='lat' dir='ltr'><strong>et</strong></span> <span class='ocrx_word' id='word_1_304' title='bbox 767 4157 931 4224; x_wconf 89' lang='lat' dir='ltr'><strong>historiam</strong></span> <span class='ocrx_word' id='word_1_305' title='bbox 966 4175 1162 4240; x_wconf 88' lang='lat' dir='ltr'><strong>componere,</strong></span> <span class='ocrx_word' id='word_1_306' title='bbox 1196 4157 1281 4222; x_wconf 93' lang='lat' dir='ltr'><strong>hanc</strong></span> 
     </span>
    </p>
   </div>
   <div class='ocr_carea' id='block_1_3' title="bbox 145 4258 1278 4447">
    <p class='ocr_par' dir='ltr' id='par_1_4' title="bbox 145 4258 1278 4447">
     <span class='ocr_line' id='line_1_37' title="bbox 146 4258 1278 4344; baseline -0.002 -18"><span class='ocrx_word' id='word_1_307' title='bbox 146 4260 311 4342; x_wconf 88' lang='lat' dir='ltr'><strong>epistolam</strong></span> <span class='ocrx_word' id='word_1_308' title='bbox 334 4261 377 4343; x_wconf 86' lang='lat' dir='ltr'><strong>(V</strong></span> <span class='ocrx_word' id='word_1_309' title='bbox 390 4259 423 4344; x_wconf 86' lang='lat'><strong>8)</strong></span> <span class='ocrx_word' id='word_1_310' title='bbox 446 4260 570 4326; x_wconf 88' lang='lat' dir='ltr'><strong>censuit</strong></span> <span class='ocrx_word' id='word_1_311' title='bbox 590 4263 665 4343; x_wconf 94' lang='lat' dir='ltr'><strong>post</strong></span> <span class='ocrx_word' id='word_1_312' title='bbox 687 4279 742 4326; x_wconf 90' lang='lat' dir='ltr'><strong>eas</strong></span> <span class='ocrx_word' id='word_1_313' title='bbox 765 4264 870 4344; x_wconf 86' lang='lat' dir='ltr'><strong>ortam</strong></span> <span class='ocrx_word' id='word_1_314' title='bbox 890 4279 970 4342; x_wconf 87' lang='lat' dir='ltr'><strong>esse,</strong></span> <span class='ocrx_word' id='word_1_315' title='bbox 993 4279 1074 4343; x_wconf 90' lang='lat' dir='ltr'><strong>quas</strong></span> <span class='ocrx_word' id='word_1_316' title='bbox 1089 4277 1187 4341; x_wconf 88' lang='lat' dir='ltr'><strong>supra</strong></span> <span class='ocrx_word' id='word_1_317' title='bbox 1202 4258 1278 4340; x_wconf 86' lang='lat' dir='ltr'><strong>dixi,</strong></span> 
     </span>
     <span class='ocr_line' id='line_1_38' title="bbox 145 4362 1277 4447; baseline 0.002 -19"><span class='ocrx_word' id='word_1_318' title='bbox 145 4363 177 4428; x_wconf 93' lang='lat' dir='ltr'><strong>in</strong></span> <span class='ocrx_word' id='word_1_319' title='bbox 205 4363 321 4447; x_wconf 91' lang='lat' dir='ltr'><strong>quibus</strong></span> <span class='ocrx_word' id='word_1_320' title='bbox 343 4364 481 4430; x_wconf 90' lang='lat' dir='ltr'><strong>Plinium</strong></span> <span class='ocrx_word' id='word_1_321' title='bbox 515 4364 609 4430; x_wconf 91' lang='lat' dir='ltr'><strong>etiam</strong></span> <span class='ocrx_word' id='word_1_322' title='bbox 638 4362 730 4445; x_wconf 84' lang='lat' dir='ltr'><strong>fungi</strong></span> <span class='ocrx_word' id='word_1_323' title='bbox 762 4363 941 4430; x_wconf 87' lang='lat' dir='ltr'><strong>advocandi</strong></span> <span class='ocrx_word' id='word_1_324' title='bbox 968 4363 1080 4429; x_wconf 85' lang='lat' dir='ltr'><strong>officiis</strong></span> <span class='ocrx_word' id='word_1_325' title='bbox 1103 4362 1277 4430; x_wconf 84' lang='lat' dir='ltr'><strong>videamus</strong></span> 
     </span>
    </p>
   </div>
   <div class='ocr_carea' id='block_1_4' title="bbox 0 0 1618 5090">
    <p class='ocr_par' dir='ltr' id='par_1_5' title="bbox 0 0 1618 5090">
     <span class='ocr_line' id='line_1_39' title="bbox 0 0 1618 5090; baseline 0 4"><span class='ocrx_word' id='word_1_326' title='bbox 0 0 1618 5090; x_wconf 95' lang='lat' dir='ltr'><strong> </strong></span> 
     </span>
    </p>
   </div>
  </div>
 </body>
</html>
