3228 5090
677 411 952 493 γ-41-’

278 619 411 702 posteris
433 639 510 681 eura
532 621 641 697 uestri,
675 640 896 702 usquequaque
919 615 1120 698 uor·rabitur·‚'
1151 641 1212 702 qun
1235 620 1413 699 11111111ιά,

279 721 488 804 simplicitate,
518 720 587 802 side
624 722 794 786 viuerimus
831 720 972 786 indicare
1010 721 1156 786 videatur
1193 740 1227 786 se
1264 722 1304 787 de
1338 741 1414 787 eura
1458 761 1462 770 ·

279 824 475 904 posterorum
510 823 637 890 minime
670 823 815 889 dubitare
850 862 889 871 —
923 825 1167 907 interpretamur
1200 825 1283 889 enim
1317 825 1415 891 verba

280 929 372 1010 siqua
392 930 526 1012 posteris
548 949 624 992 euru
649 931 756 994 nostro
779 950 811 993 so
834 931 922 993 uultu
944 931 995 994 die
1011 927 1175 994 Noetuelt
1197 930 1262 993 siet
1284 953 1336 994 usu
1354 953 1414 994 uus

280 1028 431 1094 1111111
454 1028 568 1112 quibus
592 1030 727 1097 eonferri
749 1033 883 1113 possunt
905 1031 960 1096 illa
974 1031 1153 1098 Horatiana
1168 1051 1250 1114 quae
1266 1032 1415 1113 leguntur

280 1131 312 1196 in
336 1133 474 1198 carmine
497 1132 661 1200 Saeoulari
685 1135 800 1201 Romus
822 1137 852 1198 si
873 1147 1009 1200 uestrum
1032 1147 1076 1200 est
1097 1157 1173 1220 opus
1197 1171 1247 1216 —,
1271 1135 1354 1200 idem
1375 1137 1415 1201 de

281 1235 391 1300 eadem
414 1255 448 1301 re
472 1237 575 1303 minus
590 1237 724 1304 fidenter
738 1239 887 1321 loquatur
902 1257 951 1320 ep.
975 1239 1029 1302 IX
1047 1244 1096 1318 14,
1121 1237 1174 1302 ubi
1190 1239 1270 1304 lraeo
1283 1244 1416 1326 posteris

235 1360 236 1366 ¹
280 1363 323 1402 uu
349 1341 562 1424 aliquarum
595 1346 697 1408 uestri
728 1345 839 1424 sessio,
874 1341 1083 1408 certissimum
1118 1343 1243 1408 videtur
1269 1344 1415 1409 Positum

281 1441 416 1524 epistola
438 1462 497 1509 sua
520 1447 640 1527 quanta
663 1445 705 1511 sit
727 1465 804 1511 eura
819 1448 1017 1528 posterorum
1035 1445 1232 1512 dubitantius
1247 1447 1416 1514 iudicasse.

280 1547 395 1628 Itaque
418 1547 566 1629 quoniam
592 1548 744 1634 credibile
774 1537 910 1615 nonest
936 1551 1001 1615 tres
1024 1569 1124 1615 annos
1150 1550 1234 1616 inter
1255 1552 1313 1616 has
1337 1552 1417 1618 duas

281 1649 432 1732 epistolas
454 1651 637 1717 interiectos
660 1671 731 1717 esse
754 1651 799 1734 (id
822 1653 905 1735 quod
921 1671 962 1718 11
978 1653 1167 1718 Mommseni
1182 1656 1418 1737 computatione

280 1752 430 1836 efficitur)
464 1773 504 1819 ne
532 1755 699 1837 epistolam
726 1755 780 1820 IX
798 1761 837 1822 14
866 1755 992 1839 quidem
1020 1757 1144 1822 Plinius
1172 1777 1213 1824 11
1240 1761 1417 1842 temporum

281 1857 390 1923 ordine
413 1855 549 1923 inseruit
569 1859 722 1940 epistolis.

177 1965 255 2020 1111
367 1960 420 2026 Ex
443 1981 491 2043 ep.
516 1963 565 2026 VI
583 1969 622 2026 15
650 1981 732 2028 anno
763 1969 822 2027 106
846 1964 896 2027 vel
926 1969 985 2027 107
1021 1963 1207 2047 (seeundum
1229 1967 1419 2034 Mommseni

281 2063 448 2150 rationem)
464 2065 583 2147 seripta
599 2084 668 2131 oum
686 2065 845 2131 diseamus
857 2066 1055 2132 Passennum
1067 2068 1202 2133 Paulum
1218 2071 1418 2152 splendidum

282 2168 420 2251 equitem
443 2169 618 2235 Romanurn
654 2170 761 2250 elegos
788 2169 936 2251 seribere,
971 2169 1107 2236 fortasse
1133 2172 1167 2237 in
1201 2193 1238 2239 ea
1265 2193 1299 2239 re
1333 2175 1419 2241 subit

283 2273 397 2354 mirari,
421 2274 505 2356 quod
528 2274 651 2339 Plinius
674 2292 723 2355 ep.
747 2273 802 2338 IX
819 2280 859 2338 22
883 2274 903 2340 1.
921 2293 948 2338 1.
972 2274 1073 2339 tribus
1093 2276 1145 2341 vel
1161 2281 1311 2360 quattuor
1326 2279 1418 2344 annis

281 2379 354 2459 post
398 2378 438 2442 de
483 2377 581 2458 elegis
619 2377 759 2442 eiusdem
797 2377 890 2442 Pauli
927 2379 968 2442 ad
1005 2377 1157 2444 Severum
1202 2382 1337 2448 amioum
1374 2384 1419 2449 ita

282 2479 402 2545 1111111
424 2477 459 2566 (ξ
483 2479 516 2566 2)
549 2484 578 2545 si
604 2483 701 2566 eleqos
729 2484 795 2546 eius
817 2485 853 2546 iu
887 2504 997 2546 manus
1020 2488 1198 2568 sumpseris,
1233 2487 1311 2570 leqes
1341 2510 1417 2573 opus

282 2597 397 2650 tersum
420 2586 511 2650 molle
532 2586 706 2650 iucundum
730 2597 759 2650 et
779 2586 875 2670 plane
898 2588 933 2649 iu
957 2585 1120 2671 Propertii
1142 2590 1231 2653 denso
1254 2594 1415 2675 seriptum.

283 2687 356 2771 Qua
400 2687 439 2752 de
482 2705 579 2752 eausa
623 2706 671 2769 ep.
716 2687 770 2751 IX
797 2694 848 2769 22,
894 2706 965 2753 oum
994 2707 1072 2753 eam
1109 2709 1172 2755 non
1210 2693 1308 2759 multo
1345 2697 1419 2775 post

283 2811 331 2873 ep.
356 2792 461 2857 V115
484 2784 635 2872 seriptum
661 2809 731 2856 esse
754 2791 827 2856 inde
858 2792 1038 2873 concludas,
1063 2794 1147 2876 quod
1174 2795 1296 2861 Plinius
1322 2797 1354 2861 in
1380 2816 1418 2862 ea

282 2897 402 2961 sertum
445 2897 543 2976 ponat
585 2892 738 2959 Severum
781 2894 886 2960 adhue
928 2895 1065 2960 nondum
1109 2897 1216 2978 elegos
1259 2899 1337 2965 istos
1384 2901 1418 2966 in

282 3017 394 3065 manus
438 2998 621 3080 sumpsisse,
666 2998 693 3062 si
735 3000 911 3079 temporum
954 2999 1109 3066 rationem
1151 3003 1313 3086 respicias,
1356 3024 1418 3070 non

282 3102 443 3183 intelligas
466 3120 522 3167 our
544 3101 638 3167 hodie
665 3102 841 3184 reperiatur
863 3103 896 3167 in
919 3123 1011 3185 nono,
1040 3124 1103 3171 non
1126 3108 1161 3170 ut
1184 3112 1351 3190 exspectes
1384 3109 1417 3173 in

283 3205 417 3288 septimo
440 3205 529 3271 libro.

179 3323 258 3368 rxss.
371 3309 463 3393 Quae
495 3308 619 3374 Plinius
652 3309 684 3373 in
719 3328 767 3391 ep.
791 3311 858 3375 VH
874 3317 915 3376 20
939 3311 1051 3377 Tacito
1084 3313 1212 3395 seripsit
1235 3311 1266 3398 (ξ
1291 3319 1324 3396 5)
1359 3339 1419 3401 quo

283 3415 382 3496 usoqis
402 3415 522 3496 qaudeo
544 3415 628 3498 qued
649 3416 748 3498 siquis
771 3414 809 3478 de
831 3415 944 3478 studiis
977 3438 1076 3480 sermo
1110 3441 1174 3480 uua
1207 3422 1418 3500 1111111111,

283 3517 366 3602 qued
382 3516 420 3581 de
443 3527 471 3582 te
493 3515 687 3602 loquentibus
709 3520 816 3580 statim
838 3540 964 3583 occurro
987 3518 1082 3600 plane
1104 3539 1180 3584 vera
1203 3521 1356 3587 eeoidisse
1379 3543 1418 3588 11

283 3639 333 3701 ep.
356 3620 408 3686 lX
424 3626 464 3683 23
488 3621 622 3701 apparet
644 3639 707 3703 qna
729 3620 870 3687 Maximo
893 3621 1019 3687 nuntiat
1041 3641 1076 3688 11
1098 3624 1190 3690 modo
1214 3644 1254 3690 11
1276 3645 1420 3692 sermone

284 3722 389 3788 Taoiti
422 3741 569 3803 magnam
604 3724 727 3806 espisse
756 3724 961 3806 voluptatem,
991 3745 1095 3809 aquo
1129 3747 1200 3793 oum
1225 3728 1419 3794 circensibus

284 3845 380 3908 eques
402 3826 564 3892 Romanus
598 3829 775 3910 quaesisset
810 3828 958 3894 ‘Italious
992 3849 1025 3894 es
1060 3850 1100 3895 an
1134 3832 1352 3913 provincialis*
1388 3837 1420 3899 et

283 3948 467 4011 responsum
484 3929 663 4011 aooepisset
678 3931 776 3996 ‘nosti
791 3950 851 4012 me,
869 3932 1042 4014 etquidem
1059 3953 1099 3998 11
1119 3934 1257 4016 studiis,
1282 3935 1418 4019 equitem

283 4033 496 4114 interrogasse
520 4034 664 4099 ‘Tacitus
688 4053 722 4098 es
745 4053 786 4099 an
808 4034 968 4099 Plinius'?
993 4036 1096 4120 Quem
1114 4038 1264 4104 orationis
1280 4042 1419 4105 tenorem

284 4136 338 4219 qui
361 4155 423 4202 non
447 4136 548 4203 obiter
571 4137 784 4218 temptaverit,
808 4157 870 4203 non
885 4140 1003 4220 poterit
1018 4159 1081 4205 non
1096 4143 1237 4208 statuere
1254 4142 1419 4223 epistolam

284 4238 356 4304 libri
378 4239 453 4304 noni
475 4239 656 4305 vioesimam
679 4240 804 4306 tertiam
828 4241 856 4306 si
878 4260 941 4307 non
963 4247 1037 4308 ante
1060 4263 1109 4324 ep.
1131 4243 1195 4310 VH
1212 4251 1262 4325 20,
1286 4247 1421 4311 steorte

286 4341 395 4406 eodem
419 4341 484 4406 lere
507 4346 649 4423 tempore
672 4361 742 4408 eum
766 4363 804 4408 11
827 4346 927 4410 ortam
951 4364 1029 4412 esse.
