3228 5090
144 704 276 750 onaan,
385 675 545 758 Epistolas
568 673 640 739 libri
663 675 790 756 septimi
812 693 928 740 nonam
951 675 984 738 et
1006 673 1188 738 vicesimam
1212 677 1357 757 quartam
1372 695 1435 740 non

298 798 335 844 eo
351 779 460 844 ordine
476 798 537 861 qno
553 777 692 860 scriptae
708 778 782 842 sunt
799 775 942 859 epistolis
957 775 1094 842 insertas
1112 796 1191 857 esse,
1208 776 1271 842 iam
1287 777 1320 842 in
1336 779 1436 844 altera

298 881 522 965 disputationis
545 886 636 963 parte
659 879 704 967 (p.
729 881 784 967 29)
807 875 1023 947 demonstrare
1046 884 1178 947 conatus
1202 900 1280 948 snm.
1326 882 1436 964 Atque

138 2757 265 2811 v11163233

148 2828 180 2870 32
194 2828 228 2870 IX
236 2829 255 2871 5.

761 490 975 550 -34-

298 986 463 1068 epistolam
487 985 559 1050 libri
581 985 708 1068 septimi
731 1005 845 1051 nonam
868 986 930 1051 iam
947 983 1038 1050 annis
1055 991 1225 1051 loa-105
1241 988 1347 1050 natam
1365 1005 1435 1050 esse

298 1087 461 1170 Gierigins
484 1089 530 1173 (in
554 1089 625 1153 adn.
650 1089 690 1153 ad
713 1090 742 1153 h.
760 1085 795 1172 l.)
818 1088 912 1153 aliam
936 1088 989 1153 ille
1012 1087 1139 1171 quidem
1161 1088 1435 1154 ratiocinationem

297 1196 426 1258 secutus
449 1187 653 1258 existimavit.
700 1192 938 1257 Meminerimus
961 1192 1098 1256 Plinium
1123 1191 1221 1257 Fusci
1248 1191 1436 1257 instituendi

297 1311 394 1359 causa
426 1296 488 1360 hac
522 1295 656 1377 epistola
689 1295 790 1360 amico
824 1299 996 1378 praecepta
1030 1295 1115 1376 dare,
1151 1315 1232 1378 quae
1266 1295 1435 1362 maximam

295 1401 418 1479 partem
442 1398 663 1464 adscribendi
687 1399 945 1464 exercitationem
976 1399 1146 1481 pertinent.
1191 1401 1260 1464 lam
1289 1401 1329 1465 ad
1355 1401 1437 1466 haec

297 1520 377 1583 quae
400 1498 511 1567 scribit
533 1499 588 1587 §9
612 1507 662 1579 foe
685 1515 730 1569 est
751 1515 782 1568 et
803 1506 942 1569 carmine
964 1507 1093 1583 remitti,
1118 1527 1179 1568 coc
1197 1505 1266 1568 dico
1287 1507 1435 1569 coctiaco

295 1618 324 1672 el
347 1607 435 1691 locpo
458 1603 506 1690 (id
528 1609 612 1672 emim
631 1607 743 1691 perfici
764 1609 828 1670 aciei
849 1609 885 1670 e'c
907 1611 969 1670 otio
992 1629 1054 1671 con
1075 1601 1196 1692 polest),
1221 1609 1277 1672 aed
1298 1609 1352 1672 boe
1379 1631 1435 1672 ar·

292 1722 366 1794 poto
390 1722 420 1774 et
441 1709 536 1791 brevi,
571 1711 656 1795 qood
682 1721 754 1794 apte
789 1708 999 1795 quantoslibet
1032 1713 1247 1795 occrrpolc'oaea
1282 1733 1435 1796 curasque

295 1815 471 1898 distemperet.
511 1813 614 1878 hosam
637 1825 805 1890 coenatum
827 1815 882 1879 sed
904 1815 937 1877 la·
960 1814 1045 1878 lusca
1068 1837 1131 1876 noc
1154 1817 1307 1880 minorem
1334 1817 1434 1880 inler-

295 1919 370 1982 dam
390 1919 524 2001 pluriam
547 1939 641 2004 qaum
668 1920 751 1982 seran
785 1929 1027 2003 consequuntur,
1062 1915 1225 1998 Gierigius
1259 1919 1345 1983 recte
1379 1917 1434 1984 ad·

294 2019 418 2084 notarit
440 2017 528 2106 (tom.
552 2017 589 2086 Π
610 2039 641 2102 p.
668 2017 743 2105 139)
767 2021 865 2085 ‘hanc
888 2019 1054 2101 epistolam
1078 2020 1207 2101 scripsit
1228 2021 1314 2086 haud
1338 2019 1434 2086 dubie

295 2143 356 2207 quo
380 2127 521 2206 tempore
543 2124 612 2205 ipse
635 2128 668 2189 et
691 2122 912 2189 oblectationis
936 2125 968 2188 et
1001 2123 1121 2204 gloriae
1145 2143 1242 2189 causa
1274 2125 1433 2190 hendeca-

295 2226 426 2310 syllabis
454 2245 581 2309 operam
615 2225 736 2294 dabat'.
784 2225 941 2310 Quoniam
976 2245 1052 2291 vero
1086 2228 1247 2308 cognitum
1281 2227 1434 2293 habemus

294 2330 431 2396 Plinium
454 2331 517 2396 illis
540 2330 684 2396 versibus
707 2317 933 2413 componendis
956 2344 1083 2411 operam
1107 2331 1242 2412 dedisse,
1271 2351 1333 2415 quo
1356 2333 1434 2397 tem·

291 2454 368 2518 pore
391 2433 505 2500 librum
528 2438 673 2518 quartum
698 2434 862 2516 scripserit
884 2434 904 2500 i.
929 2453 956 2498 e.
980 2434 1071 2499 armis
1089 2441 1268 2516 loa—105,
1292 2434 1332 2499 iis
1355 2439 1433 2500 tem·

292 2538 421 2621 poribus
444 2540 527 2604 hanc
549 2557 675 2622 quoque
698 2538 737 2603 de
759 2557 824 2622 qua
846 2538 954 2620 agitur
976 2537 1143 2620 epistolam
1165 2537 1198 2603 in
1225 2538 1327 2603 lucem
1361 2558 1432 2621 pro-

294 2637 391 2708 diisse
414 2641 617 2708 affirmamus.
707 2717 710 2722 ,

379 2746 557 2812 Dicendum
580 2748 630 2811 est
651 2765 736 2810 nnnc
763 2746 802 2810 de
837 2744 989 2828 epistolis,
1025 2743 1140 2828 quibus
1174 2764 1275 2811 sermo
1310 2748 1360 2811 est
1394 2745 1433 2810 de

293 2847 448 2915 Calestrio
482 2851 598 2916 Tirone
621 2850 689 2914 VH
703 2856 757 2926 16;
781 2857 837 2927 23;
862 2856 913 2915 32.
939 2850 992 2915 IX
1005 2855 1036 2913 5.
1088 2849 1177 2934 Quas
1212 2868 1282 2915 cum
1316 2850 1433 2914 Petrus

293 2955 337 3036 (p.
362 2959 438 3036 709)
463 2973 545 3020 anno
570 2953 689 3040 99ll⁰0
714 2951 904 3034 attribuerit,
939 2972 996 3018 nos
1031 2949 1085 3018 eas
1121 2953 1301 3019 accuratius
1334 2951 1432 3017 inter·

291 3058 411 3144 pretati
425 3057 609 3123 conabimur
623 3056 759 3140 probare
775 3077 837 3123 non
854 3075 924 3122 esso
940 3056 1003 3121 nisi
1015 3059 1089 3139 post
1105 3077 1133 3124 a.
1152 3064 1213 3122 100
1230 3056 1430 3139 compositas

292 3162 395 3243 Igitur
418 3182 467 3245 ep.
482 3161 533 3227 VI
547 3169 587 3227 22
604 3162 753 3227 Tironem
777 3161 914 3226 vidimus
937 3161 1134 3243 provinciam
1157 3161 1317 3244 quandam
1340 3157 1432 3225 sorti-

291 3269 357 3330 tum
392 3285 471 3346 esse,
506 3284 555 3347 ep.
583 3264 653 3329 VH
673 3271 711 3329 16
746 3263 870 3330 Fabato
908 3264 984 3329 data
1021 3283 1089 3329 eam
1127 3264 1324 3346 provinciam
1361 3283 1432 3330 esse

290 3367 455 3434 Baeticam
479 3367 532 3452 (cl.
557 3366 576 3453 ξ
600 3374 619 3433 3
642 3370 692 3432 ln'c
713 3390 798 3433 cccc
819 3390 877 3453 pro
900 3369 1024 3434 consule
1044 3369 1241 3452 provinciam
1268 3367 1431 3434 Baeticam

288 3496 345 3558 per·
377 3472 524 3538 Ticinum
552 3485 597 3538 eac
627 3468 806 3557 petiturae).
854 3470 927 3555 Qua
961 3470 1096 3552 epistola
1130 3489 1201 3536 com
1229 3469 1361 3551 Plinius,
1396 3489 1432 3536 sc

290 3575 436 3641 Tironem
453 3576 610 3641 adducere
626 3575 708 3640 velle
732 3576 768 3638 ut
789 3593 848 3656 per
862 3574 1008 3639 Ticinum
1031 3572 1232 3657 profecturus
1255 3593 1296 3640 ex
1317 3574 1431 3639 itinere

292 3675 333 3745 'ad
345 3679 500 3744 Fabatum
514 3677 674 3759 deflectat,
687 3678 796 3744 nimris
807 3697 868 3744 avo
880 3678 1056 3759 promittat,
1070 3697 1110 3743 ex
1123 3697 1171 3759 ep.
1186 3678 1255 3743 VII
1268 3685 1308 3743 23
1320 3696 1431 3743 rursus

292 3783 415 3849 Fabato
438 3783 534 3848 missa
557 3782 744 3864 colligimus,
778 3782 863 3846 hunc
898 3781 1024 3846 interim
1047 3781 1151 3846 Plinio
1185 3781 1360 3863 scripsisse,
1396 3801 1431 3846 so

291 3886 464 3952 Mediolani
487 3884 595 3949 Tironi
630 3903 795 3950 occurrere
818 3885 909 3949 velle.
956 3884 1079 3949 Plinius
1108 3903 1182 3950 vero
1218 3903 1287 3950 cum
1322 3903 1430 3966 proso·

290 4009 395 4058 cerum
419 4009 459 4055 ne
482 3988 637 4070 suscipiat
659 3990 782 4054 tantum
806 3987 923 4053 laboris
941 3989 1051 4054 contra
1073 3989 1226 4054 rationem
1247 3988 1365 4054 aetatis
1379 3989 1430 4054 his

289 4095 395 4161 verbis
417 4091 508 4175 roget
530 4097 642 4158 etenim
669 4115 739 4157 com
762 4117 781 4156 a
804 4115 850 4156 me
876 4104 912 4157 ct
926 4093 1039 4178 frater
1066 4094 1231 4178 diliqotor,
1254 4116 1318 4158 coc
1341 4092 1430 4158 debet

288 4201 327 4266 ob
350 4224 393 4282 ec,
416 4221 505 4285 quem
528 4220 581 4282 eye
598 4198 745 4281 parentis
769 4197 832 4261 loco
863 4195 998 4276 abactae,
1033 4199 1156 4280 ccipere
1179 4197 1317 4282 officium
1345 4199 1430 4283 quod

286 4306 414 4390 parente·
435 4325 489 4366 sao
512 4301 692 4378 remulcet,
714 4299 795 4363 haec
818 4317 845 4364 a.
866 4297 985 4384 99s100
1014 4299 1134 4381 scripta
1156 4299 1283 4364 minime
1306 4317 1431 4365 accom-

287 4399 415 4472 modata
438 4420 517 4481 esse,
552 4421 591 4466 ea
619 4419 670 4466 res
703 4401 818 4482 probat
853 4402 937 4483 quod
959 4401 1099 4466 Plinium
1134 4402 1188 4485 qui
1211 4399 1427 4482 Calpurniam,

1484 1964 1487 1990 t
