3228 5090
644 419 857 481 ²—37—

181 607 345 688 habemus‚
369 626 439 672 eam
462 626 503 672 ex
526 606 640 672 abortu
663 608 938 673 convalescentem
961 607 994 672 iu
1017 603 1225 690 Campaniam
1249 627 1319 674 esse

181 710 369 794 profectam.
415 709 509 794 Quod
543 711 571 775 si
605 713 691 776 recte
725 712 877 777 statuitur
913 711 1067 793 epistolae
1103 710 1175 778 libri
1212 712 1319 778 octavi

183 834 263 898 quas
286 814 388 896 attuli,
414 814 561 898 quoniam
586 813 674 880 brevi
707 817 781 896 post
814 813 958 882 abortum
993 813 1033 880 ab
1065 834 1164 880 uxore
1198 813 1317 880 factum

183 918 378 1000 composItac
402 937 472 984 esse
495 918 653 999 videntur,
677 923 751 984 ante
774 938 823 1001 ep.
841 920 892 985 VI
908 921 929 982 4
944 918 1083 1000 scriptae
1098 922 1182 1000 sunt,
1199 919 1318 1002 quippe

182 1024 215 1089 in
239 1043 302 1107 qua
324 1021 516 1105 Calpumiae
538 1023 601 1089 iam
625 1023 671 1089 ita
692 1022 832 1090 reiectae
855 1023 972 1090 mentio
994 1023 1060 1106 liat,
1084 1027 1120 1089 ut
1146 1025 1207 1091 iter
1239 1024 1317 1091 illud

181 1128 246 1193 iam
268 1147 331 1193 non
354 1126 583 1193 reformidaret.

269 1231 320 1297 De
343 1250 392 1313 ep.
415 1231 502 1295 VIII
527 1233 565 1294 12
589 1230 834 1312 disputatIunem
859 1234 894 1296 ut
915 1231 955 1297 ab
979 1251 1028 1314 ep.
1052 1233 1069 1296 I
1094 1236 1131 1297 17
1156 1232 1315 1314 incipiam,
1343 1241 1397 1285 vm
1411 1242 1443 1286 12

182 1334 306 1400 Plinius
328 1336 390 1400 hac
411 1332 558 1400 leudibus
581 1332 672 1399 effert
693 1333 845 1399 Titinium
869 1331 1056 1416 Capitonem
1080 1335 1135 1418 qui
1157 1335 1197 1401 ab
1219 1336 1316 1419 impe·

182 1440 297 1518 ratore,
321 1441 356 1503 ut
378 1438 410 1502 in
433 1436 500 1503 foro
522 1439 656 1519 poneret
670 1437 708 1502 L.
727 1436 827 1503 Silani
850 1441 998 1520 statuam,
1022 1439 1213 1521 impetravit.
1256 1437 1317 1505 Oui

182 1539 334 1624 Capitoni
356 1541 482 1607 omnino
505 1541 537 1605 in
561 1559 620 1606 usu
644 1559 715 1606 esso
738 1540 840 1607 eleros
863 1541 948 1608 viros
972 1543 1074 1608 colere
1090 1561 1130 1608 ex
1145 1541 1195 1608 his
1210 1543 1317 1610 verbis

182 1647 318 1727 apparet
340 1664 422 1729 quae
445 1642 464 1730 ξ
480 1646 499 1708 3
523 1645 673 1726 leguntur
687 1648 802 1711 mirum
818 1658 862 1713 eet
878 1668 940 1732 qua
955 1648 1117 1732 calipteni,
1138 1670 1197 1733 quo
1212 1649 1316 1713 studio

181 1753 333 1836 imupinee
367 1750 552 1831 Brutorum,
590 1749 778 1831 Cassiorum,
815 1748 966 1816 Catonum
999 1752 1094 1831 domi,
1128 1749 1184 1815 abi
1206 1761 1315 1836 potest,

180 1852 303 1919 babeat.
350 1852 440 1919 Idem
473 1855 642 1917 clarissimi
668 1856 816 1939 cuiusque
844 1857 942 1918 citam
970 1856 1102 1939 epvepiie
1124 1853 1316 1918 carminibus

182 1969 323 2023 coornat.
369 1956 514 2021 Eundem
538 1955 744 2021 recitaturum
767 1975 802 2021 se
824 1956 934 2021 audire
957 1955 1073 2022 debere
1100 1976 1169 2023 cum
1192 1956 1316 2023 Plinius

182 2061 215 2125 in
239 2079 289 2142 ep.
314 2060 400 2124 VIII
425 2064 464 2124 12
488 2059 538 2124 his
562 2057 667 2125 verbis
690 2058 810 2125 scribat
831 2062 913 2124 banc
939 2062 1039 2126 solum
1073 2062 1156 2126 diem
1190 2084 1317 2127 accuso:

182 2167 374 2229 recitaturos
400 2175 445 2229 cet
472 2161 612 2228 Titiniae
637 2163 749 2250 Cupito
777 2187 867 2250 quem
890 2188 943 2250 eqo
965 2166 1080 2231 audire
1100 2167 1202 2230 nascio
1217 2168 1316 2250 mopie

183 2266 332 2334 debeam
366 2292 409 2332 aa
441 2270 578 2352 cupiam,
612 2269 645 2332 et
678 2267 829 2350 deinceps
863 2265 897 2352 (ξ
920 2264 954 2351 4)
983 2270 1096 2354 quodsi
1121 2269 1174 2332 iiii
1194 2270 1315 2333 nuliam

182 2374 288 2453 uicem,
322 2374 411 2437 nulla
444 2375 538 2456 quasi
570 2383 677 2436 mutua
710 2371 817 2454 officia
851 2353 992 2438 debererit
1015 2420 1023 2435 .
1047 2423 1054 2437 .
1080 2425 1086 2437 .
1111 2391 1173 2437 non
1200 2390 1315 2439 vanam

180 2494 253 2541 esse
276 2475 454 2557 opinionem
477 2475 642 2554 aeneadae,
667 2493 738 2540 cum
755 2474 858 2540 Plinio
874 2477 951 2540 tunc
965 2474 1100 2556 primum
1116 2475 1315 2542 occasionem
1333 2489 1337 2496 '

179 2580 274 2646 amici
296 2579 444 2645 audiendi
468 2579 574 2643 datam
598 2597 668 2644 esse
691 2579 868 2645 statuimus
915 2576 997 2645 Cum
1019 2597 1095 2644 vero
1110 2580 1204 2660 hunc,
1221 2599 1315 2662 quem

178 2685 242 2750 iam
265 2704 293 2750 a.
319 2690 358 2748 97
394 2681 534 2747 carmina
567 2682 782 2763 composuisse
816 2680 995 2763 epistolaI
1026 2687 1063 2746 17
1099 2682 1192 2747 fidem
1226 2681 1313 2766 facit,

178 2786 329 2854 credibile
363 2805 425 2851 non
459 2785 502 2850 su
535 2803 616 2850 anno
651 2785 776 2849 demum
813 2789 873 2848 108
909 2785 960 2848 vel
996 2790 1056 2849 109
1092 2785 1158 2866 (cni
1180 2788 1315 2868 tempori

179 2892 394 2957 Mommsenus
427 2887 540 2953 librum
576 2894 722 2953 octavum
758 2885 946 2970 vindicavit)
975 2906 994 2952 a
1024 2887 1127 2954 Plinio
1160 2890 1314 2971 petivisse

180 2997 215 3059 ut
237 3013 272 3060 se
294 2994 480 3059 recitantem
515 2991 634 3071 audiat,
669 2991 701 3055 in
732 2991 916 3056 collocanda
939 3009 989 3072 ep.
1012 2991 1100 3056 VIII
1125 2998 1164 3057 12
1188 3013 1313 3076 compo-

179 3097 302 3163 sitIonis
325 3099 450 3177 tempus
477 3095 657 3176 neglectum
691 3096 749 3159 est.
796 3090 933 3159 Omnino
968 3095 1117 3177 quoniam
1149 3095 1314 3177 probabile

179 3204 237 3282 est,
261 3199 448 3283 Capitonem
473 3197 513 3264 ab
535 3198 606 3263 istis
623 3198 661 3262 de
677 3197 754 3262 viris
770 3196 946 3263 illustribus
962 3197 1154 3264 carminibus
1169 3199 1200 3283 (Ι
1215 3206 1264 3282 17,
1278 3203 1312 3282 3)

178 3324 241 3370 non
264 3305 361 3369 11111110
383 3305 457 3385 post
478 3320 682 3384 progressum
705 3319 775 3367 csse
798 3301 838 3366 ad
861 3301 961 3366 vitam
989 3320 1095 3366 eorum
1124 3318 1312 3384 componen-

178 3410 250 3474 dam
278 3404 331 3493 (ci.
357 3407 443 3471 VIII
467 3411 516 3485 12,
540 3411 560 3469 4
587 3405 697 3470 scribit
723 3408 825 3470 coitus
857 3405 1034 3468 illicetrium
1066 3406 1233 3487 01000001),
1262 3426 1310 3488 ep.

177 3512 265 3577 VIII
290 3518 329 3575 12
363 3509 529 3592 excepisse
562 3507 689 3572 videtur
716 3507 849 3572 alteram
870 3508 889 3572 Ι
913 3508 952 3569 17
976 3504 1066 3570 brevi
1088 3507 1312 3575 tantumtem-

177 3615 264 3699 poris
286 3614 390 3697 spatio
413 3612 589 3678 interiecto.
1228 3665 1229 3670 ,

263 3719 325 3800 Ep.
349 3718 395 3784 IV
418 3724 457 3782 27
483 3716 619 3781 Plinium
653 3713 805 3796 Pompeio
839 3711 972 3778 Falconi
1004 3713 1152 3797 scribere,
1181 3736 1217 3782 se
1240 3736 1310 3782 curn
1336 3733 1401 3778 mr.

177 3841 299 3888 summa
322 3822 486 3902 voluptate
509 3819 636 3885 audisse
659 3816 802 3883 Sentium
826 3815 1030 3897 Augurinum
1057 3822 1205 3900 poemata
1232 3820 1310 3885 reci·

177 3928 308 4006 tantem,
332 3923 446 4007 quibus
468 3923 572 4006 ipsum
595 3921 734 3987 Plinium
753 3919 901 3986 laudibus
921 3925 1141 4003 exornaverat,
1162 3923 1189 3989 si
1210 3926 1311 3988 atten-

177 4030 290 4109 dimuS,
314 4028 464 4094 credibile
486 4047 549 4093 non
572 4029 621 4092 est
644 4045 715 4092 eum
738 4044 786 4108 ep.
810 4024 864 4089 IX
887 4031 917 4106 8,
941 4025 1097 4108 siquidem
1123 4027 1311 4092 Mommseni

177 4135 216 4198 de
239 4133 327 4199 libris
351 4133 524 4198 constituta
545 4130 707 4215 sequimur
728 4132 881 4212 tempora,
905 4132 1055 4212 quattuor
1087 4131 1139 4196 vel
1172 4130 1311 4214 quinque

177 4237 269 4302 annis
301 4236 477 4302 interiectis
510 4234 631 4318 gratias
665 4233 770 4315 egisse
803 4233 983 4314 Augurino.
1028 4234 1128 4299 Immo
1156 4236 1311 4301 cumbae

177 4340 312 4422 epistola
343 4339 389 4405 lta
423 4357 570 4404 enarrare
603 4335 736 4419 incipiat
769 4338 798 4400 ei
830 4337 978 4400 laudatus
1005 4361 1024 4398 a
1052 4348 1080 4400 01
1113 4337 1246 4399 lavatura
1281 4351 1309 4402 re
