3228 5090
341 1073 665 1170 SENTENTIAE
699 1073 1116 1170 CONTROVERSAE.

250 1395 277 1452 1.
312 1388 471 1455 Dziatzko
505 1391 537 1453 et
569 1388 797 1455 Fleckeisenus
831 1389 911 1455 falso
944 1390 1065 1470 negant
1097 1388 1130 1452 in
1157 1387 1298 1452 Terentii
1423 1388 1425 1392 ’

163 1490 332 1556 comoediis
348 1491 522 1573 particulas
542 1503 607 1572 aut,
623 1505 663 1572 et,
677 1505 712 1557 ot
727 1492 760 1557 in
775 1492 837 1558 fine
852 1511 999 1558 versuum
1016 1491 1137 1574 positus
1153 1491 1298 1557 inveniri.

248 1601 278 1658 2.
311 1594 350 1659 Iu
374 1594 516 1675 Terentii
538 1595 712 1678 Adelphou
735 1615 765 1662 v.
792 1602 851 1660 117

370 1699 507 1780 obsonet,
529 1712 627 1786 potat,
651 1701 710 1766 olet
731 1711 909 1783 annuento:
932 1701 970 1765 de
993 1721 1058 1766 meo

163 1799 339 1868 Sohoeliius
373 1799 470 1888 (Mus,
495 1803 596 1869 Rhen.
620 1804 803 1871 XXXXIV
825 1809 888 1870 280
911 1800 973 1887 sq.)
1007 1806 1039 1868 et
1071 1803 1299 1869 Fleckeisenus
1347 1851 1351 1862 ,

162 1905 206 1985 (in
228 1905 330 1971 alteru
352 1905 505 1989 editione)
530 1924 600 1971 oum
624 1907 769 1973 Varrone
802 1909 884 1971 teste
918 1906 968 1971 usi
1001 1919 1166 1988 scortator,
1199 1920 1298 1994 potat,

156 2011 223 2074 olet
255 2021 415 2094 annuento
448 2007 600 2089 scribunt,
636 2028 699 2092 qua
732 2029 767 2074 re
802 2013 958 2091 eoguntur
991 2028 1104 2075 versus
1135 2017 1206 2092 118,
1237 2018 1298 2077 119

163 2112 277 2193 delere,
294 2131 388 2196 quam
404 2112 498 2178 155111
514 2112 740 2193 grammaticus
755 2113 808 2178 ille
824 2131 930 2178 errare
944 2113 1085 2195 potuerit
1100 2133 1162 2180 non
1178 2114 1298 2179 vident.

250 2221 279 2280 3.
315 2215 407 2299 Quae
440 2214 709 2280 Reitzensteiuius
745 2215 840 2297 (Drei
868 2217 1110 2297 Vermutungen
1145 2236 1201 2281 nur
1235 2217 1298 2282 Ge·

162 2318 306 2384 55115115
321 2319 378 2385 der
392 2318 482 2384 Rom.
499 2318 687 2384 Litteratur.
723 2318 878 2400 Marburg
895 2319 992 2403 1893)
1009 2338 1049 2385 ex
1065 2319 1214 2386 Dirurum
1231 2340 1261 2385 ν.
1278 2327 1297 2386 8

369 2423 524 2489 montibus
547 2435 576 2489 et
598 2425 686 2488 silvis
710 2425 812 2488 dicam
836 2435 890 2489 tua
905 2424 1009 2510 foetu,
1033 2426 1184 2510 Lpeorpe,

368 2529 468 2611 impia
490 2564 533 2573 -—

163 2628 324 2712 profectus
348 2628 387 2694 de
401 2628 456 2695 illo
471 2629 610 2696 carmine
625 2628 682 2712 pro
698 2629 860 2695 invectiva
874 2630 907 2694 in
923 2627 1136 2696 Ootuviauum
1152 2630 1299 2697 habendo

163 2733 322 2814 disseruit,
337 2736 425 2799 reete
436 2732 590 2799 refutavit
601 2731 641 2800 0'.
654 2732 850 2799 Ribbeokius
863 2734 959 2817 (Mus.
973 2734 1074 2800 Rhen.
1087 2734 1116 2798 L
1130 2741 1191 2799 558
1205 2731 1297 2818 sqq).

249 2845 279 2903 4.
314 2837 353 2902 In
376 2837 516 2903 eiusdem
540 2837 689 2903 carminis
712 2856 742 2903 v,
767 2843 809 2902 35
832 2855 879 2920 sq.

412 2981 416 2990 .
966 2925 1122 3011 Iuppiter,
1144 2928 1211 3012 ipre

373 3029 519 3114 Iuppiter
539 3030 620 3092 done
642 3029 740 3092 oluit:
762 3029 842 3091 einis
857 3028 931 3093 daeo
956 3025 1014 3092 tibi
1035 3028 1092 3102 rtet
1113 3039 1234 3112 oportet

163 3129 230 3210 tibi,
246 3149 308 3213 quo
322 3131 507 3213 pronomine
522 3133 619 3212 poeta
639 3130 678 3196 ud
702 3130 806 3212 ipsum
829 3131 938 3196 Iovem
962 3148 997 3195 se
1021 3130 1187 3211 convertit,
1212 3134 1298 3196 reete

163 3232 311 3298 traditur:
337 3219 507 3315 Hauptius'
521 3233 720 3299 scribendum
744 3233 910 3314 proposuit
933 3234 1015 3314 Iove,
1031 3233 1227 3299 Ribbeokius
1242 3235 1296 3298 tet.

251 3342 279 3402 5.
314 3337 353 3401 In
376 3337 504 3403 Horatii
526 3337 671 3402 versibus
694 3336 749 3418 qui
771 3339 846 3401 suut
868 3338 927 3400 sat.
952 3338 987 3402 H
1004 3343 1033 3416 5,
1057 3344 1098 3402 45
1121 3356 1190 3421 sqq.

372 3438 411 3504 Si
432 3444 484 3504 eoi
504 3452 670 3525 praeterea
691 3440 817 3504 ualidus
839 3442 921 3505 mole
935 3440 1027 3522 filine
1049 3443 1085 3503 in
1108 3464 1142 3507 re

370 3545 537 3628 praeclara
560 3543 699 3608 otcblotuo
722 3544 837 3624 aletur,
865 3566 904 3608 ne
928 3542 1130 3629 manifestum

371 3645 497 3713 caelibis
524 3646 704 3732 obsequium
726 3647 825 3712 nudet
848 3658 886 3726 te,
910 3647 1024 3712 leniter·
1045 3650 1080 3710 in
1102 3670 1187 3734 opem

371 3753 488 3834 adrepe
511 3750 666 3836 qffioioeoo
690 3787 732 3795 —

164 3857 261 3920 perdet
294 3872 357 3919 non
391 3853 474 3936 quod
508 3852 610 3918 voluit
643 3851 862 3933 Kiesslingius
894 3856 998 3938 privet
1034 3853 1203 3936 signifieat,
1243 3857 1299 3920 sed

165 3958 248 4042 quod
272 3958 335 4023 iam
358 3957 588 4039 interpretatus
611 3959 661 4022 est
684 3957 772 4022 Acro
792 3960 919 4043 prodor,
943 3961 1088 4025 ostendat
1110 3970 1301 4044 captatorem

163 4064 383 4129 hereditatum.
1153 4056 1158 4068 '

251 4165 280 4228 6.
317 4165 466 4250 Requiem
490 4165 566 4248 quid
590 4164 651 4228 sibi
673 4164 752 4228 velit
774 4165 854 4230 Hor.
878 4165 969 4246 epist.
993 4164 1010 4229 I
1035 4171 1063 4244 7,
1083 4165 1123 4228 79

372 4281 401 4335 et
422 4269 483 4333 eibi
504 4270 579 4334 dom
606 4272 756 4353 requiem,
790 4270 865 4332 dom
892 4271 976 4332 11555
1002 4269 1143 4352 undique
1177 4271 1301 4352 quaerut

163 4373 353 4454 interpretes
375 4390 438 4436 uon
461 4374 547 4437 reete
571 4371 731 4452 explicare
754 4370 911 4435 videntur.
