3228 5090
780 491 994 549 -eo-

321 671 398 737 utile
420 691 500 754 esse,
524 674 599 756 quia
618 674 760 740 earmina
782 673 938 756 recipiant
960 675 1064 741 ornnia
1086 694 1304 758 quaecumque
1330 677 1363 740 in
1386 675 1455 740 vita

320 778 417 858 atque
440 776 518 842 adeo
540 777 573 842 in
596 777 663 843 foro
686 778 855 860 causisque
878 781 1045 844 versentur
1067 776 1101 864 (ξ
1119 777 1182 864 13).
1227 779 1309 844 Inde
1323 779 1351 844 si
1366 782 1455 845 recte

321 879 537 946 concludimus
553 880 700 962 Plinium,
724 900 796 946 eum
812 881 859 948 sic
872 881 1056 948 instituerat
1071 883 1219 964 Fuscum,
1238 884 1298 948 hoe
1314 901 1454 963 curasse,

320 987 357 1047 ut
378 983 406 1048 is
428 982 529 1048 bonus
552 987 658 1052 orator
684 987 843 1068 evaderet,
877 985 1084 1068 improbabile
1111 989 1160 1052 est
1185 985 1274 1068 illum
1307 986 1455 1051 iuvenem

321 1087 382 1152 iam
411 1086 443 1152 in
469 1086 597 1168 publico
623 1088 752 1156 dixisse.
797 1089 858 1172 Ep.
885 1089 932 1154 Vl
947 1096 984 1154 11
1014 1089 1137 1155 Plinius
1159 1089 1301 1156 Maximo
1327 1089 1457 1154 nuntiat

322 1209 357 1255 se
378 1189 411 1254 in
434 1190 597 1256 consilium
620 1191 816 1274 apraelocto
832 1192 919 1258 urbis
934 1191 1109 1259 adhibitum
1122 1211 1166 1258 ex
1180 1192 1306 1258 diverso
1321 1195 1457 1273 monus

322 1295 460 1360 Fuscum
489 1293 698 1361 Salinatorem
726 1299 759 1362 et
786 1297 980 1363 Ummidium
1007 1296 1206 1381 Quadratum
1235 1314 1358 1362 summa
1384 1313 1459 1360 cum

322 1399 486 1479 voluptate
519 1398 689 1465 audivisse.
735 1399 858 1484 Quodsi
891 1400 1120 1467 reminiscimur
1142 1398 1280 1465 Plinium
1313 1397 1460 1481 epistolis

322 1503 425 1568 Vide
449 1504 482 1567 et
505 1502 604 1568 VH9
626 1503 677 1567 his
704 1502 872 1569 iuvenibus
898 1509 1071 1586 praecepta
1097 1502 1233 1583 dedisse,
1268 1520 1331 1586 quo
1364 1501 1459 1568 medo

322 1607 363 1671 ad
387 1604 466 1671 bene
489 1605 656 1672 dicendum
678 1607 828 1689 progredi
848 1607 982 1689 possint,
1005 1625 1078 1673 eum
1102 1624 1218 1687 napea
1232 1603 1460 1687 probabilitate

323 1709 491 1776 statuimus
526 1710 605 1775 duas
637 1709 709 1776 illas
742 1710 893 1792 epistolas
920 1715 995 1776 ante
1017 1729 1066 1792 ep.
1090 1710 1141 1774 VI
1154 1716 1192 1774 11
1215 1708 1353 1791 seriptm
1376 1727 1459 1774 esse.

323 1815 362 1879 ln
390 1831 453 1896 qua
486 1832 557 1878 cum
591 1814 637 1880 ita
668 1814 818 1898 loquatur
839 1813 963 1880 Plinius
983 1811 1018 1900 (ξ
1038 1812 1075 1904 2)
1109 1836 1189 1899 qaue
1222 1813 1347 1897 eiepele
1378 1814 1460 1878 mete·

322 1919 478 2001 voluptati
499 1921 629 1995 fuerunt
651 1931 745 2005 atque
767 1923 852 1985 inter·
873 1922 947 1986 baec
969 1921 1062 2001 iilud,
1090 1920 1173 2005 quod
1200 1929 1231 1984 et
1255 1919 1320 2003 ipa·
1346 1939 1392 1984 aas
1420 1928 1460 1982 ut

322 2032 482 2102 rectorem,
510 2034 545 2086 at
566 2025 750 2108 magristrum
777 2021 981 2088 intuebantur·
1008 2035 1038 2089 et
1062 2025 1104 2086 e'e'e
1131 2023 1187 2108 qui
1213 2019 1384 2087 irradiabant
1409 2042 1460 2086 nee

323 2126 489 2204 aemulata,
512 2127 587 2192 meis
608 2116 730 2192 instare
756 2129 895 2210 oestipie’s
920 2124 1110 2191 videbuntur·
1143 2123 1236 2208 quasi
1269 2122 1457 2205 gloriantem

324 2247 393 2293 eum
418 2247 591 2310 agnoscere
613 2229 770 2296 videmur:
796 2231 881 2296 ‘ecce
904 2227 1077 2310 discipulos
1100 2247 1141 2294 ex
1164 2246 1234 2293 mea
1255 2227 1365 2293 schola
1385 2244 1460 2308 pro·

324 2330 449 2398 fectos'.
489 2332 578 2398 Ante
600 2333 732 2398 eandem
752 2332 922 2414 :epimelam
938 2329 1001 2417 (VI
1015 2329 1069 2417 11)
1089 2333 1189 2397 ortam
1206 2349 1276 2397 esse
1289 2329 1460 2412 epistelam

325 2435 396 2500 libri
419 2435 503 2500 sexti
525 2435 706 2501 vicesimam
730 2439 853 2501 sentam
877 2453 915 2501 eo
929 2434 1064 2500 indicari
1079 2434 1215 2516 videtur,
1239 2433 1324 2518 quod
1336 2432 1461 2498 Plinius

326 2558 397 2606 cum
431 2539 569 2605 Fuscum
604 2539 790 2620 studiosum,
823 2538 1008 2620 litteratum,
1047 2537 1143 2604 etiam
1174 2537 1329 2604 disertum
1363 2537 1460 2618 dicat,

326 2646 432 2709 tamen
458 2663 530 2709 eum
556 2643 721 2725 praeclare
746 2642 780 2707 in
812 2641 941 2725 publico
974 2641 1094 2708 dixisse
1126 2640 1252 2708 silentio
1284 2639 1460 2722 praeteriit

326 2748 417 2813 Idem
450 2747 537 2814 cadit
569 2747 602 2811 in
636 2747 944 2829 epistolamV1124
976 2765 1042 2829 qua
1071 2744 1229 2830 Quadrati
1260 2743 1371 2809 laudes
1405 2762 1461 2809 ex·

327 2852 489 2932 tolluntur,
512 2852 600 2916 nulla
622 2850 781 2916 mentione
806 2848 894 2916 faeta
926 2868 1032 2916 eorum
1068 2851 1107 2915 de
1139 2847 1256 2933 quibus
1279 2866 1328 2929 ep.
1354 2847 1402 2912 VI
1418 2853 1462 2913 11

328 2973 429 3020 sermo
453 2959 510 3021 est.
557 2953 629 3038 Qua
655 2954 688 3019 in
722 2954 857 3036 epistola
890 2954 942 3019 vel
974 2955 1055 3019 haec
1077 2950 1108 3038 (ξ
1131 2953 1167 3034 9)
1201 2950 1343 3037 implebit
1375 2953 1461 3016 eetm

326 3061 417 3123 illum
454 3059 609 3140 (domum)
649 3056 833 3138 Quadratae
869 3080 953 3124 meus
990 3069 1020 3124 et
1061 3056 1181 3123 decebit
1221 3076 1392 3140 rursusque
1431 3057 1462 3119 ea‘

330 3166 499 3248 pristinam
523 3165 708 3246 dipaa'tctem
730 3161 940 3228 celebritatem
959 3163 1094 3247 plurium
1116 3161 1237 3239 reddet,
1264 3181 1333 3222 cum
1355 3168 1463 3220 tautae

329 3280 436 3332 orator
471 3269 547 3332 inde
575 3269 755 3352 procedet
788 3278 924 3353 quantae
956 3269 1038 3330 iuris
1073 3265 1128 3330 itte
1157 3263 1313 3328 consultus
1342 3259 1464 3341 scriptus

330 3388 400 3435 esse
423 3374 557 3451 apparet
585 3374 754 3454 antequam
783 3369 966 3454 Quadratus
996 3366 1107 3434 orandi
1134 3383 1234 3432 calma
1252 3364 1285 3429 in
1301 3362 1462 3446 publicum

328 3473 490 3556 prodierit.

297 3627 301 3636 .
414 3579 475 3660 Ep.
501 3578 549 3642 Vl
562 3585 603 3643 22
626 3577 749 3642 Plinius
772 3577 880 3642 Tironi
906 3575 962 3659 qui
988 3574 1182 3658 provinciam
1211 3571 1370 3656 quandam
1397 3587 1463 3634 son

330 3683 408 3747 titus
432 3686 481 3747 est
502 3682 629 3746 nuntiat
650 3681 770 3765 aliquid
786 3681 869 3764 qued
885 3679 967 3745 scire
983 3677 1127 3744 omnibus
1142 3675 1197 3759 qui
1212 3674 1277 3740 sint
1290 3671 1465 3755 provinciis

330 3784 508 3868 praefuturi
530 3785 607 3850 utile
630 3785 680 3850 sit.
727 3785 794 3849 lam
818 3801 889 3848 cum
916 3783 1032 3847 Petrus
1054 3779 1099 3865 (p.
1118 3776 1356 3859 commanem
1377 3775 1463 3840 illam

331 3890 371 3955 de
392 3907 457 3972 qua
483 3888 590 3969 agitur
615 3887 811 3969 prouinciam
834 3905 862 3952 a.
886 3888 1000 3963 991100
1028 3881 1266 3948 administrasse
1292 3877 1465 3944 arbitratus

331 3994 382 4074 sit,
406 3995 489 4058 hanc
511 3993 677 4075 epistelam
701 3994 733 4056 et
755 3993 879 4056 ceteras
901 3987 1016 4072 quibus
1038 3987 1179 4053 eiusdem
1199 3982 1324 4050 'tironis
1347 3980 1465 4047 mentio

331 4098 367 4164 lit
389 4094 451 4183 (ep.
477 4097 613 4172 v11163
636 4103 692 4171 23;
716 4100 767 4161 32.
791 4095 842 4160 IX
854 4095 888 4174 5)
922 4091 962 4157 iis
995 4090 1141 4157 attribuit
1173 4107 1253 4172 quas
1275 4085 1399 4152 Plinius
1432 4085 1466 4150 in

331 4201 489 4285 prioribus
511 4200 599 4265 libris
622 4197 753 4264 edendis
772 4195 959 4278 neglexerit.
997 4194 1091 4278 Quod
1106 4191 1187 4259 falso
1203 4189 1301 4256 stetui
1316 4188 1465 4272 quoniam

332 4325 373 4372 ex
395 4302 741 4387 unaepistolaV122
769 4299 977 4365 demonstrari
1005 4297 1124 4380 nequit,
1158 4312 1288 4360 necesse
1320 4295 1370 4357 est
1403 4292 1467 4358 huc

332 4410 498 4476 redeamus
520 4408 552 4472 in
576 4405 671 4472 tertia
692 4402 917 4486 disputationis
940 4403 1041 4484 parte.
