3228 5090
626 473 835 532 ..15-

163 653 307 722 Romano
330 656 423 722 trium
447 653 614 721 liberorum
639 655 688 721 ius
710 655 904 737 impetravit,
921 673 1052 722 neeesse
1075 660 1125 722 est
1147 675 1197 738 ep.
1212 658 1302 722 1113

162 759 321 842 posterior
341 759 384 824 sit
407 777 456 840 ep.
481 759 621 824 311Τ131.
638 766 668 824 4.
707 759 800 844 Quod
824 762 928 825 tamen
946 758 1000 824 ubi
1021 760 1173 825 statuitur
1194 779 1303 826 mrsus

163 879 226 928 non
259 879 428 944 possumus
462 881 525 950 non
548 861 663 943 mirari,
699 863 783 946 quod
811 862 934 927 Plinius
968 855 1000 926 in
1029 882 1078 945 ep.
1102 864 1139 930 ΙΙ
1156 870 1206 944 13,
1241 881 1305 946 qua

163 965 340 1031 Romanum
357 965 474 1031 ‘Prisoo
499 965 707 1046 commendat,
731 965 817 1030 nullo
841 965 1031 1048 verbo-eum
1066 965 1128 1031 iam
1163 985 1183 1031 a
1210 985 1245 1032 se
1270 966 1303 1031 in

164 1069 304 1135 ordinem
321 1069 513 1135 senatorium
528 1072 705 1151 promotum
722 1087 793 1135 esse
808 1068 1003 1134 memoravit.
1036 1068 1138 1153 Quem
1154 1071 1304 1136 honorem

164 1173 249 1256 quod
264 1172 449 1239 Asbaohius
472 1172 645 1254 signidem-l
667 1175 761 1254 putat
775 1172 881 1238 vorbis
905 1192 987 1256 quae
1010 1176 1085 1238 sunt
1107 1192 1156 1255 ep.
1182 1174 1304 1254 ΙΙ18,8

162 1279 236 1343 11333
259 1276 406 1360 beneficio.
428 1299 496 1342 oreo
520 1279 711 1342 1331133113
735 1279 824 1341 modo
841 1279 961 1358 trelius,
988 1300 1081 1362 quom
1104 1289 1139 1342 ut
1162 1300 1303 1361 3393333,

162 1401 299 1466 possum,
322 1398 422 1462 prave
444 1380 593 1446 videatur
614 1378 764 1460 iudicare,
793 1379 940 1463 quoniam
964 1379 1027 1445 illis
1053 1378 1159 1445 verbis
1182 1379 1304 1445 Plinius

162 1501 226 1549 non
248 1484 470 1565 oompleotitur
489 1482 550 1549 nisi
566 1503 648 1566 quae
664 1486 739 1550 ante
754 1483 836 1548 dixit
851 1482 965 1550 offioia.
1005 1485 1120 1566 ltaque
1136 1483 1302 1565 epistolam

162 1586 235 1652 libri
257 1586 388 1652 alterius
411 1587 565 1652 decimam
593 1587 718 1654 tertiam
742 1588 878 1670 priorem
907 1605 978 1652 esse
1006 1586 1141 1652 dicimus
1169 1585 1304 1668 epistola

163 1690 206 1756 ad
227 1689 398 1756 Traianum
433 1694 557 1773 quarta,
592 1709 662 1756 oum
696 1691 884 1774 praesertim
918 1691 1003 1773 quod
1036 1690 1099 1755 ista
1132 1691 1239 1754 aetate
1263 1708 1305 1754 ex

162 1793 327 1862 tribunatu
349 1793 482 1860 militum
506 1795 684 1876 promoveri
707 1797 739 1860 in
763 1797 907 1860 senatum
931 1793 1077 1860 solebant
1101 1794 1154 1874 (de
1179 1811 1243 1875 qua
1270 1811 1304 1857 re

165 1895 206 1962 31.
230 1897 470 1978 Mommsenum‚
506 1895 708 1964 Staatsreobt
726 1899 768 1978 “Ι,
805 1903 887 1962 1887
922 1915 952 1978 p.
979 1895 1065 1979 546),
1100 1896 1133 1961 id
1167 1915 1208 1962 ex
1241 1895 1303 1961 isto

164 2001 274 2066 ordine
307 2001 512 2083 epistolarum
546 2001 577 2066 in
610 2002 788 2067 Romanum
823 2001 977 2066 oeeidisse
1010 2003 1173 2082 appareat.
1219 1999 1304 2064 Iuris

163 2107 269 2170 autem
292 2105 386 2171 trium
409 2105 578 2172 liberorum
593 2106 736 2172 Romano
758 2106 821 2172 iam
837 2125 856 2172 a
871 2104 975 2170 Plinio
998 2103 1160 2185 impetrati
1182 2100 1302 2189 (1118)

164 2208 248 2291 quod
280 2207 314 2274 in
337 2227 385 2291 ep.
410 2209 451 2274 ad
474 2209 645 2274 Traianum
668 2209 785 2274 mentio
819 2227 882 2274 non
904 2207 949 2288 fit,
973 2207 1085 2272 mirum
1108 2225 1170 2272 non
1193 2209 1251 2287 est,
1275 2206 1303 2271 si

164 2310 290 2395 quidem
323 2311 369 2377 ibi
402 2314 525 2377 tantum
550 2312 589 2377 de
611 2311 771 2377 senatorio
795 2311 913 2392 ordine,
947 2311 1049 2393 petito
1072 2329 1091 2376 a
1113 2309 1223 2376 Nerva
1245 2311 1303 2375 sed

162 2415 365 2482 oonoedendo
380 2434 401 2480 a
415 2415 552 2482 Traiano
568 2414 682 2496 agitur.
722 2414 814 2499 Quae
829 2433 901 2479 oum
923 2414 970 2478 ita
984 2413 1057 2494 sint,
1079 2413 1126 2478 313
1148 2412 1302 2478 rationem

164 2519 390 2601 oonoludimus,
414 2519 553 2584 Nervam
570 2537 640 2584 esse
655 2518 830 2601 prinoipem
846 2536 940 2602 quem
955 2517 1005 2582 ius
1022 2517 1117 2582 trium
1131 2515 1302 2582 liberorum

164 2621 264 2689 amieo
287 2621 437 2690 tribuisse
459 2622 582 2687 Plinius
605 2640 654 2704 ep.
677 2623 772 2688 1113
796 2621 883 2686 dioit.
921 2621 1048 2686 Vivone
1071 2622 1176 2686 autem
1193 2619 1303 2685 Nerva

163 2743 205 2794 an
227 2725 289 2791 iam
306 2724 456 2792 delunoto
479 2725 600 2806 suipra
622 2725 665 2791 sit
688 2725 823 2808 epistola
839 2723 1019 2806 ambigitur,
1038 2726 1071 2788 31
1085 2724 1302 2789 Mommsenus

164 2828 300 2913 quidem,
324 2828 379 2913 qui
401 2830 481 2895 haee
503 2828 601 2894 verba
616 2847 698 2912 quae
721 2825 982 2912 3331111818
1007 2829 1090 2913 quod
1113 2850 1302 2914 quamquam

161 2955 257 3018 parce
291 2945 321 3000 31
353 2955 421 2997 cum
455 2934 575 2998 delectu
609 2935 717 2998 daret
750 2932 879 2996 vivente
902 2931 1011 2996 Nerva
1038 2930 1134 2996 soribi
1159 2930 1302 3013 potuisse

162 3037 271 3118 negat,
305 3034 425 3116 dubito,
459 3053 553 3118 quam
587 3037 674 3100 reete
706 3035 790 3099 hano
812 3034 875 3099 vim
899 3033 997 3100 verbo
1032 3036 1124 3100 duret
1156 3034 1303 3100 tribuerit

163 3136 222 3220 (of.
244 3138 374 3204 Petrum
398 3158 429 3221 p.
448 3136 538 3224 705);
563 3137 713 3204 defuneto
735 3141 841 3203 autem
857 3137 967 3203 Nerva
982 3137 1010 3202 si
1023 3137 1148 3203 Plinius
1163 3138 1300 3220 soripsit,

162 3261 267 3308 nonne
290 3242 416 3307 divum
438 3240 612 3324 prinoipem
636 3241 700 3307 dioi
722 3239 982 3324 exspootaveris?
1015 3242 1132 3324 Itaque
1154 3241 1301 3324 quoniam

164 3346 331 3428 epistolam
355 3344 475 3428 (1113)
498 3344 608 3411 Nerva
630 3345 736 3410 adhue
756 3344 888 3410 florente
910 3344 1019 3410 133.
1042 3350 1081 3409 el
1106 3346 1206 3410 ortam
1230 3363 1301 3410 3333

163 3449 351 3530 indioamus,
385 3450 418 3514 in
440 3450 501 3515 hae
523 3449 659 3530 epistola
680 3468 790 3514 rursus
817 3448 995 3530 exemplum
1022 3445 1215 3529 agnoscitur,
1239 3466 1301 3531 quo

163 3551 304 3619 ordinem
320 3553 516 3635 singularum
533 3553 737 3637 epistolarum
753 3572 816 3619 non
830 3572 872 3618 ex
887 3551 1082 3634 temporibus
1093 3552 1300 3618 eonstitutum

164 3673 235 3723 esee
257 3655 416 3740 probetur.

250 3763 318 3828 Iam
341 3779 418 3827 vero
441 3759 626 3827 Asbaohius
649 3761 723 3826 inde
745 3759 907 3842 profeotus
929 3759 1014 3843 quod
1035 3758 1123 3825 illum
1144 3759 1299 3837 Priscum,

163 3865 215 3932 oui
248 3865 325 3931 data
358 3869 407 3930 est
429 3863 573 3947 epistola,
608 3863 647 3931 L.
670 3863 837 3930 Neratium
859 3863 1003 3929 Prisoum
1037 3883 1108 3930 esse
1131 3863 1218 3943 dioit,
1246 3863 1301 3946 qui

162 3985 192 4036 a
218 3975 279 4034 103
302 3967 498 4034 Pannoniam
522 3967 717 4050 provinoiam
734 3967 1014 4048 administraverit,
1038 3967 1203 4050 epistolam
1226 3968 1301 4032 ante

162 4078 279 4139 3104
314 4075 476 4138 exaratam
511 4089 581 4137 esse
615 4071 754 4152 negavit.
801 4071 857 4136 Ad
891 4072 1025 4136 eundem
1047 4071 1191 4136 Prisoum
1218 4070 1246 4134 sl
1268 4073 1301 4135 et

163 4175 360 4257 Borghesius
382 4178 415 4240 et
437 4175 653 4241 Mommsenus
677 4174 842 4256 epistolam
865 4174 912 4240 ita
944 4176 1143 4255 rettulerunt,
1170 4176 1206 4238 ut
1229 4192 1300 4240 eum

161 4298 191 4346 3.
228 4283 269 4344 88
297 4275 447 4364 (13199)
481 4277 678 4344 Pannoniam
711 4278 853 4344 tenuisse
888 4277 1080 4356 existiment
1114 4275 1299 4344 Asbaoldus

164 4382 210 4465 (p.
235 4385 289 4461 89)
310 4385 398 4449 13313
421 4382 530 4449 doonit
556 4383 596 4450 de
622 4382 676 4448 illo
699 4399 782 4448 anno
811 4381 946 4463 ooffimri
966 4399 1028 4446 non
1049 4397 1145 4461 posse
1167 4379 1207 4447 ob
1230 4399 1299 4447 eam
