3228 5090
634 503 677 512 ..
721 471 842 544 21¹-

260 655 355 722 Nunc
364 655 392 721 si
401 653 631 724 reminiscimur
639 674 746 721 eorum
756 673 839 738 quae
848 673 946 738 supra
955 653 1103 720 universe
1116 656 1156 720 99
1167 653 1309 736 epistolis

174 758 316 826 991991.
340 758 520 840 statuimus,
543 758 680 824 Plinium
702 757 811 824 licebit
825 757 981 824 affirmare
995 759 1032 823 in·
1045 758 1188 840 epistolis
1200 765 1309 824 1-10

173 862 367 928 collocandis
388 865 532 944 tempora
546 861 734 944 respexisse.
771 861 877 944 Igitur
891 861 1017 927 tertiam
1033 880 1168 945 quoquc,
1192 861 1231 926 de
1247 880 1310 944 qua

175 966 392 1050 quaestionem
415 966 498 1032 sitne
518 985 546 1033 a.
566 969 608 1030 98
630 965 750 1048 scripta
772 972 869 1032 9999
892 984 989 1048 supra
1010 965 1043 1031 in
1066 965 1168 1031 medio
1182 965 1310 1047 reliqui·

175 1090 256 1152 mus,
274 1070 375 1136 eidem
388 1088 471 1136 anuo
484 1075 525 1136 98
537 1069 778 1136 vindicabimus.
812 1069 955 1135 Eandem
968 1073 1142 1152 temporum
1157 1069 1309 1136 rationem

173 1175 202 1239 si
234 1177 388 1255 tenemus,
423 1173 588 1255 epistolam
623 1173 820 1239 undecimam
854 1173 938 1238 inter
962 1180 1010 1239 10.
1035 1175 1068 1238 et
1092 1179 1140 1239 12.
1156 1151 1310 1254 ¹tbmpore

172 1264 370 1343 interiectam
394 1277 545 1344 dicemus.
591 1277 664 1344 Hac
686 1277 896 1344 ratiocinandi
920 1276 973 1342 via
994 1279 1161 1360 postquam
1187 1296 1224 1343 eo
1240 1296 1310 1359 per·

175 1380 319 1446 venimus
341 1383 378 1446 ut
399 1379 564 1462 epistolam
589 1381 630 1446 99
653 1378 736 1446 Trai.
761 1385 780 1445 8
804 1380 844 1444 ad
867 1399 895 1446 9.
919 1385 961 1447 98
983 1378 1180 1446 referendam
1203 1397 1310 1445 cense-

174 1503 275 1564 amus,
292 1503 332 1548 er
347 1483 386 1548 iis
409 1501 491 1566 quae
514 1483 553 1548 dc
576 1502 721 1549 connexu
741 1503 802 1566 quo
822 1484 903 1549 baec
918 1483 1053 1565 99191919
1068 1502 1139 1548 cum
1156 1501 1204 1564 ep.
1221 1483 1274 1546 ΙΠ
1290 1488 1310 1544 4

174 1587 327 1668 iungatur
348 1605 445 1669 supra
468 1587 614 1667 diximus,
639 1585 774 1653 eflicitur
797 1587 961 1669 epistolam
978 1585 1050 1652 libri
1064 1585 1151 1651 tertii
1166 1587 1310 1668 quartam

175 1692 209 1755 91
241 1689 342 1771 ipsam
366 1709 394 1756 9.
418 1695 458 1754 98
487 1709 557 1755 9999
591 1690 796 1773 compositam
830 1710 933 1773 neque
967 1708 1037 1754 cam
1065 1709 1106 1754 ex
1132 1693 1311 1769 temporum

175 1792 285 1858 ordine
312 1811 370 1858 suo
396 1792 477 1858 libro
503 1793 666 1874 insertam,
694 1794 722 1859 si
749 1794 877 1876 quidem
903 1812 986 1875 quae
1008 1793 1095 1858 illam
1119 1791 1311 1856 antecedunt

174 1896 210 1959 ΙΙ
235 1901 272 1961 11
297 1897 330 1960 91
353 1902 392 1961 12
416 1914 444 1961 a.
463 1902 525 1962 100
547 1896 686 1977 scriptae
709 1899 792 1963 sunt.

263 1998 418 2064 Venimus
452 2000 493 2064 99
526 2018 576 2080 99.
604 2000 658 2063 ΠΙ
674 2005 707 2079 9,
735 2000 776 2064 99
803 1998 893 2064 99199
920 2017 1003 2064 9999
1029 1998 1128 2064 991911
1154 1997 1311 2079 permulta
1337 2016 1372 2059 111
1385 2015 1404 2059 9,

161 2106 332 2184 ¹temptata
364 2106 439 2168 suut
472 2123 491 2170 9
524 2102 636 2168 999119.
687 2103 856 2171 Actionem
884 2103 967 2168 enim
999 2104 1111 2168 contra
1137 2099 1309 2166 Caecilium

176 2203 364 2286 Classicum,
377 2224 471 2289 quam
483 2207 545 2272 hae
560 2207 695 2289 99191919
706 2207 830 2272 Plinius
841 2207 1015 2273 Miniciano
1031 2206 1132 2271 amico
1149 2203 1310 2284 describit,

176 2317 251 2375 9919
284 2329 324 2374 m.
359 2308 449 2392 Sept
484 2329 512 2376 9.
549 2317 610 2377 190
642 2313 804 2392 peractam
840 2330 910 2376 esse
937 2311 1107 2376 Massonus
1135 2310 1168 2373 et
1198 2309 1313 2389 999199

177 2411 329 2478 81999199
362 2410 595 2500 (119371)
629 2418 833 2495 censuerunt,
867 2415 1083 2481 Mommsenus
1116 2412 1159 2496 (9.
1188 2412 1244 2492 49)
1279 2414 1312 2476 91

177 2514 355 2582 Guilelmus
372 2516 498 2584 Gemoll
521 2519 574 2599 (99
597 2521 771 2600 temporum
794 2518 971 2584 rationein
993 2517 1089 2583 Plinii
1108 2515 1310 2598 epistolarum

177 2619 231 2684 IX
264 2618 353 2686 libris
386 2620 565 2687 observata.
601 2622 673 2688 Hal.
709 2620 784 2689 Sar.
816 2629 898 2687 1872
926 2620 1016 2704 9199.)
1044 2640 1113 2686 eam
1142 2627 1310 2686 9999101

177 2723 388 2790 vindicarunt.
427 2725 567 2790 Tertiam
601 2725 779 2807 opinionem
812 2725 892 2790 illud
914 2723 1123 2791 1991999999
1145 2724 1310 2788 1919999

176 2827 360 2910 Ρ91999(9.
386 2827 460 2912 706)
482 2830 515 2893 91
537 2827 720 2893 Asbacbius
743 2826 787 2912 (9.
810 2827 865 2911 41)
888 2828 1096 2909 protulerunt.
1133 2825 1234 2891 Nobis
1257 2826 1312 2908 qui

176 2933 303 3011 tempus
342 2948 404 3012 quo
438 2947 536 2996 causa
572 2930 627 2996 illa
663 2933 736 2997 acta
769 2931 812 2995 sit
845 2930 1026 2997 accuratius
1058 2929 1182 2994 definiri
1217 2947 1311 3011 posse

176 3051 339 3114 negemus,
354 3033 433 3098 satis
451 3033 494 3098 911
508 3036 694 3114 argumenta
706 3031 821 3116 quibus
833 3033 919 3099 docti
930 3033 981 3098 usi
991 3045 1066 3098 sunt
1077 3033 1309 3114 recognovisse.

177 3139 232 3201 Ac
259 3134 410 3201 81999199
437 3136 562 3218 quidem
591 3134 670 3202 19199
698 3137 743 3218 (9.
767 3141 846 3214 348)
875 3135 1037 3218 profectus
1060 3138 1109 3201 991
1130 3136 1204 3200 1999
1227 3136 1309 3218 quod

177 3239 292 3304 statuit
318 3236 491 3304 Caecilium
521 3235 695 3304 Classicum
731 3241 764 3304 et
790 3237 928 3305 Marium
961 3239 1106 3304 Priscum
1139 3239 1311 3320 provinciis

177 3340 355 3425 praefuisse
378 3341 418 3406 ab
441 3360 469 3407 9.
494 3347 534 3405 98
558 3361 658 3425 usqne
681 3342 722 3407 ad
744 3343 804 3408 cal.
827 3343 898 3408 Iun.
922 3361 950 3408 9.
976 3349 1026 3407 99.
1072 3343 1153 3407 Nam
1177 3361 1248 3408 oum
1271 3361 1311 3406 ex

176 3465 227 3528 99.
250 3445 292 3511 99
314 3444 398 3510 Trai.
416 3450 436 3511 8
459 3447 545 3510 recte
567 3445 734 3526 collegisse
756 3445 847 3512 nobis
870 3446 1042 3526 videamur,
1063 3445 1201 3513 Plinium
1225 3465 1253 3512 a.
1271 3453 1310 3510 98

177 3567 306 3616 causam
322 3546 458 3614 Classici
472 3548 661 3631 suscepisse,
684 3550 745 3615 hoc
768 3553 854 3615 certo
877 3548 1014 3615 efficitur
1035 3549 1105 3615 illos
1125 3550 1204 3616 duos
1227 3549 1311 3615 viros

177 3651 269 3720 annis
285 3650 384 3736 97l98
405 3651 587 3733 provincias
602 3651 806 3734 gubernasse.
846 3651 972 3718 Deinde
994 3652 1080 3736 quod
1094 3653 1310 3720 Mommsenus

176 3754 222 3842 (9.
247 3755 302 3838 42)
327 3774 366 3821 ex
389 3755 428 3821 iis
451 3774 533 3840 quae
555 3754 677 3824 Plinius
693 3775 742 3838 ep.
763 3757 818 3822 HI
833 3762 899 3837 4,ss
922 3755 1034 3822 scribit
1048 3757 1262 3842 comparabam
1284 3762 1312 3822 91

175 3883 306 3926 macera
346 3862 400 3924 boc
441 3865 505 3924 iam
543 3864 635 3928 tertio
669 3861 822 3945 fungerer·
863 3857 1012 3942 (Classici
1053 3879 1182 3927 9999919
1219 3859 1319 3946 dicit)

176 3965 353 4041 faciliorem
387 3964 465 4027 mibi
497 3966 724 4031 accusationem
756 3967 824 4041 fora
852 3964 981 4046 collegit
1014 3962 1150 4030 Classici
1183 3983 1310 4030 causam

177 4069 305 4134 1991999
332 4064 486 4149 appellari
512 4065 631 4149 quippe
657 4085 751 4149 quam
774 4069 847 4150 post
870 4065 984 4132 Baebii
1005 4068 1134 4133 Massae
1162 4070 1194 4133 91
1217 4067 1312 4132 Marii

177 4168 600 4236 Prisciactionesadiinem
613 4170 822 4251 perductas
834 4171 1019 4253 susceperit,
1026 4171 1106 4237 haec
1112 4171 1312 4237 ratiocinatio

178 4271 298 4340 corruit
319 4273 348 4338 si
362 4273 488 4355 quidem
504 4273 670 4355 epistolam
693 4273 765 4340 libri
787 4274 874 4340 tertii
889 4278 1034 4357 quartam
1051 4294 1079 4340 a.
1096 4280 1136 4338 98
1159 4275 1311 4358 scriptam

177 4395 249 4444 9999
271 4379 358 4442 recte
380 4375 553 4442 docuimus.
590 4375 1169 4460 911991999991999Ρ9199199119999
1186 4397 1226 4444 m.
1241 4380 1311 4444 Ian.
