3228 5090
766 446 980 504 vsc-

307 630 465 698 orationes
487 629 623 696 recitare
646 627 826 710 eoeperit.
874 629 967 714 Quod
989 629 1022 694 in
1045 629 1211 712 epistolam
1235 629 1349 694 cadere
1370 631 1440 694 tan·

306 736 374 818 turn
397 732 488 799 abest
510 735 547 798 ut
570 732 750 812 concedam,
774 734 810 796 ut
832 731 865 797 in
888 732 1078 799 contrariam
1100 735 1224 815 partem
1248 750 1289 797 ex
1304 731 1343 797 iis
1358 751 1441 815 quae

306 835 391 923 §14
413 838 560 918 legantur
582 835 733 901 iudicium
763 837 877 916 pelam.
923 835 1028 902 Plinio
1062 835 1144 900 enim
1179 836 1257 900 tnnc
1289 836 1441 918 temporis

305 941 368 1007 iam
391 941 424 1006 in
447 960 507 1005 usu
530 938 628 1004 fnisse
651 937 809 1004 orationes
832 939 976 1019 recitare,
996 938 1089 1004 fidem
1110 937 1233 1003 faciunt
1248 937 1345 1004 verba
1359 940 1441 1004 haee

304 1046 440 1130 proinde
461 1068 524 1110 non
550 1046 687 1130 poenitet
717 1066 763 1108 me
796 1046 1029 1110 consuetudinis
1063 1066 1147 1109 meae
1174 1040 1232 1128 (so.
1257 1042 1438 1124 ranilandi),

306 1171 399 1235 quam
432 1150 631 1212 utilissimam
667 1149 819 1233 euperior.
871 1145 933 1212 Sed
967 1166 1007 1212 ne
1041 1149 1173 1212 haereas
1211 1146 1244 1211 in
1280 1165 1316 1212 eo
1353 1149 1438 1229 quod

306 1252 430 1318 Plinius
453 1269 567 1317 causas
589 1249 745 1316 recitandi
767 1251 959 1332 exposuerit,
984 1269 1046 1333 quo
1069 1253 1210 1331 tempore
1233 1249 1295 1315 iam
1311 1251 1440 1332 saepius

307 1357 393 1421 huno
426 1374 541 1421 morem
576 1356 705 1420 secutus
739 1353 790 1435 sit,
826 1353 924 1419 verba
947 1373 1030 1437 quae
1052 1355 1127 1419 sunt
1149 1350 1168 1437 §
1192 1360 1210 1417 2
1233 1357 1333 1419 miror
1355 1356 1440 1439 quod

305 1459 414 1524 scribis
436 1464 532 1538 fuisse
555 1461 705 1545 quosdam
728 1460 784 1543 qui
805 1459 1069 1543 reprebendimus
1096 1458 1180 1541 quod
1202 1459 1358 1522 orationes
1375 1481 1438 1522 om·

304 1565 380 1628 nino
402 1566 567 1628 recitarem
594 1561 781 1627 documento
803 1562 879 1625 sunt
900 1561 1038 1626 Plinium
1062 1578 1099 1625 eo
1122 1559 1191 1641 ipso
1214 1561 1356 1641 tompore
1375 1579 1439 1643 quo

305 1662 458 1731 aCelere
481 1665 582 1730 amieo
615 1665 654 1729 de
687 1664 749 1730 illis
783 1665 991 1730 sermunculis
1026 1663 1142 1729 certior
1175 1661 1279 1727 factus
1312 1663 1363 1744 sit,
1387 1682 1439 1729 oc-

305 1767 462 1832 casionem
498 1768 647 1849 captasse
681 1785 797 1832 morem
831 1785 928 1849 saepe
963 1769 1037 1833 ante
1076 1764 1245 1848 probatum
1280 1767 1440 1848 copiosius

305 1869 505 1936 defendendi.

389 1974 536 2056 Epistola
558 1974 629 2041 VII
652 1980 690 2039 31
716 1993 785 2039 cum
811 1973 934 2039 Plinius
957 1970 1085 2039 Claudii
1105 1972 1268 2053 Pollionis,
1293 1975 1328 2037 ut
1355 1992 1438 2039 eom·

303 2073 431 2152 mandet
453 2075 604 2158 Cornuto,
628 2078 763 2143 virtutos
787 2077 954 2142 almerita
978 2094 1078 2159 nsque
1101 2075 1142 2141 ad
1165 2075 1292 2141 Nervae
1314 2079 1438 2142 tantum

304 2185 447 2264 tempora
469 2183 641 2262 enumeret,
665 2182 834 2265 quodiam
857 2184 944 2246 recte
967 2180 1088 2245 monuit
1110 2180 1225 2245 Petrus
1259 2199 1321 2245 non
1344 2181 1439 2262 longe

302 2287 470 2370 postquam
504 2285 558 2351 ille
591 2285 739 2369 princeps
774 2284 841 2349 vita
876 2283 1013 2350 decessit
1039 2284 1059 2348 i.
1089 2303 1115 2349 e.
1150 2286 1224 2365 post
1238 2279 1279 2349 a.
1305 2289 1344 2350 98
1368 2287 1439 2350 orta

101 2452 103 2457 ,
304 2405 374 2452 esse
397 2387 532 2454 videtur.

150 2501 291 2554 vm10;11;
391 2489 484 2574 Quae
517 2489 640 2556 Plinius
675 2489 804 2573 scripsit
837 2490 876 2556 de
903 2488 1096 2572 Calpurniae
1119 2489 1227 2555 uxoris
1250 2489 1363 2556 abortu
1387 2511 1436 2574 ep.

173 2571 261 2688 ω’
305 2595 392 2660 VIII
417 2600 467 2675 10,
490 2601 510 2658 2
534 2593 623 2661 debes
655 2618 747 2679 apere
781 2597 831 2659 dis
861 2598 995 2679 pratias,
1031 2596 1114 2679 quod
1136 2598 1184 2658 ita
1207 2594 1265 2659 tibi
1286 2598 1321 2658 in
1342 2618 1438 2680 prae·

252 2767 253 2770 ,
305 2701 407 2765 sentia
440 2710 626 2784 pronepotes
658 2710 862 2783 nepcvernnt,
895 2711 931 2762 nt
960 2710 1122 2764 seruarent
1144 2709 1276 2783 neptem,
1300 2700 1333 2763 el
1354 2697 1437 2764 inse·

304 2802 431 2886 quentis
455 2801 609 2884 epistolae
631 2798 651 2886 ξ
674 2803 694 2864 2
718 2801 788 2866 Iam
809 2804 922 2868 lilaris
945 2805 1011 2866 iam
1033 2800 1093 2866 sibi
1119 2804 1184 2865 iam
1211 2803 1288 2866 mili
1309 2804 1437 2867 reddita

227 2964 229 2967 .
303 2910 418 2992 incipit
427 2907 516 2990 refici
532 2911 807 2992 transmissumque
819 2909 987 2972 discrimen
999 2906 1235 2970 convalescendo
1247 2909 1354 2972 metiri
1368 2907 1439 2971 orta

304 3028 374 3075 osse
396 3008 548 3090 indicant,
573 3027 644 3075 oum
667 3029 748 3076 uxor
768 3009 909 3091 peneum
933 3008 1084 3074 defuncta
1104 3007 1166 3073 iam
1183 3008 1436 3074 convalescebat.

304 3113 445 3198 Quarum
463 3112 667 3195 epistolamm
684 3113 879 3196 temporibus
892 3113 1110 3194 adiungendas
1127 3131 1197 3177 esse
1214 3112 1353 3178 eiusdem
1366 3112 1439 3177 libri

303 3216 571 3283 undevicesimum
596 3220 628 3281 et
650 3216 803 3283 decimam
827 3219 950 3282 sextam
969 3216 1044 3281 mihi
1060 3217 1223 3296 concedes,
1247 3215 1275 3281 si
1290 3235 1372 3298 quae
1387 3234 1437 3297 ep.

306 3326 355 3400 19,
380 3327 392 3385 1
421 3320 628 3386 inveniuntur
651 3333 680 3387 et
701 3323 889 3405 infirmitate
922 3324 1031 3386 uaeris
1065 3333 1094 3388 et
1127 3344 1265 3387 meorum
1282 3323 1437 3406 periculo,

304 3426 502 3509 quorundam
524 3447 595 3491 cero
618 3427 714 3491 etiam
734 3437 832 3491 niorto
856 3423 997 3490 turbatus
1022 3423 1192 3490 contuleris
1227 3442 1296 3489 eum
1331 3422 1438 3489 verbis

303 3546 384 3610 quae
417 3530 493 3593 sunt
527 3547 576 3611 ep,
613 3533 662 3608 16,
689 3532 705 3592 1
741 3531 942 3606 confecerunt
976 3550 1021 3594 me
1055 3529 1258 3610 infirmitates
1290 3549 1438 3605 meorum,

303 3643 416 3695 mortes
439 3634 542 3712 etiam,
567 3642 596 3696 et
618 3631 743 3716 quidem
766 3633 921 3697 iuuenum.
967 3629 1023 3695 Ad
1047 3630 1178 3695 eandem
1202 3629 1310 3694 uxoris
1333 3627 1434 3709 aegri-

302 3732 443 3799 tudinem
468 3733 495 3799 si
517 3735 605 3799 recte
627 3732 809 3800 referuntur
831 3752 913 3817 quae
935 3733 1060 3798 Plinius
1082 3733 1130 3798 illi
1152 3752 1200 3815 cp.
1218 3734 1269 3800 VI
1291 3731 1438 3798 4ssribit

302 3862 472 3927 numquam
494 3861 562 3904 sum
584 3842 682 3923 mapis
706 3840 745 3904 de
767 3838 1023 3922 occupationibus
1044 3841 1120 3906 neeis
1142 3850 1279 3923 questus,
1296 3859 1375 3924 quae
1390 3859 1437 3902 me

301 3966 364 4006 uon
396 3955 470 4010 sunt
501 3963 612 4028 passae
645 3953 702 4006 aut
732 3942 977 4026 proficiscentem
1012 3953 1040 4006 te
1070 3942 1260 4006 ualetudinis
1283 3962 1377 4005 causa
1399 3942 1435 4005 in

267 4095 270 4102 .
303 4045 507 4132 Campaniam
525 4047 677 4132 prosequi
698 4056 754 4108 aut
774 4044 947 4129 profectam
969 4047 1127 4129 evestipia
1147 4043 1301 4130 subsequi.
1339 4042 1436 4108 Nunc

300 4153 382 4216 enim
403 4152 572 4236 praecipue
594 4149 688 4213 simul
711 4170 773 4214 esse
796 4146 957 4233 cupiebam·
983 4160 1019 4212 ut
1041 4148 1137 4212 ocellis
1163 4152 1240 4214 meis
1268 4149 1435 4228 crederem,

300 4255 378 4337 quid
403 4253 523 4320 uiribus
551 4254 629 4340 quid
651 4252 833 4339 corpusculo
856 4272 1029 4336 apparares
1052 4249 1260 4331 censebimus
1287 4249 1435 4333 quonism

300 4355 363 4420 alia
385 4373 510 4439 quoque
526 4353 726 4436 aegritudine
741 4350 946 4434 Calpurniam
963 4355 1147 4432 aegrotasse
1163 4372 1225 4418 non
1242 4355 1436 4434 compertum
