3228 5090
773 475 988 534 ..18-

316 661 351 726 H
368 667 406 726 11
425 662 457 725 et
474 667 512 725 12
530 663 613 737 orta;
637 661 738 742 epil
757 666 797 725 13
812 677 1003 743 quamquam
1018 660 1081 725 iam
1097 679 1126 726 a.
1143 665 1183 724 ct
1199 659 1329 742 scripta,
1344 663 1453 725 tamen

316 766 389 845 post
416 782 487 845 epp.
516 763 552 827 II
569 769 607 830 11
638 766 670 828 et
698 769 737 828 12
772 761 916 844 epistolis
949 762 1082 839 inserta;
1118 763 1255 847 denique
1281 783 1330 846 ep.
1358 763 1394 828 Π
1409 770 1451 830 20

317 866 492 932 Domitiani
514 866 708 948 temporibus
731 865 860 948 scripta.

402 970 478 1035 Huc
507 990 570 1036 non
597 971 757 1054 quadrant
782 969 936 1052 epistolae
959 989 1041 1054 quae
1063 972 1227 1048 sunt17;
1250 972 1339 1046 110;
1362 970 1452 1046 Ira

192 1153 195 1160 Ι
317 1073 525 1150 120;111;
558 1075 660 1140 1114.
722 1074 814 1158 Quae
847 1073 995 1156 quoniam
1029 1073 1171 1140 terminis
1204 1094 1224 1140 a
1256 1075 1453 1140 Mommsena

318 1175 499 1268 constitutis
527 1179 614 1242 recte
641 1179 776 1259 possunt
806 1175 972 1256 vindicari,
1004 1180 1179 1260 temporum
1212 1176 1453 1244 continuitatem

318 1297 446 1346 servare
469 1280 626 1346 videntur.

783 1419 988 1429 n*—

772 1507 908 1624 ¹Pars
929 1556 982 1624 11.

406 1697 521 1760 Altera
544 1692 747 1775 epistolarum
770 1692 869 1759 series
892 1694 1112 1775 complectitur
1134 1694 1285 1776 epistolas
1305 1692 1455 1771 11161111,

319 1801 379 1880 IV,
403 1798 534 1983 gill).
561 1901 649 1966 ΙΠ1
679 1900 827 1984 quoniam
855 1893 952 1982 supra
980 1901 1177 1984 disputatum
1204 1904 1262 1984 est,
1293 1901 1347 1968 hie
1378 1901 1457 1967 satis

320 2007 362 2072 sit
388 2023 579 2070 memorasse
606 2004 653 2069 illi
680 2004 834 2086 epistolae
861 2005 967 2070 sedem
996 2024 1037 2070 ex
1063 2008 1240 2089 temporum
1263 2004 1373 2072 ordine
1394 2023 1458 2070 nou

321 2129 391 2176 esse
413 2109 530 2175 datam.

406 2213 479 2278 Non
496 2212 589 2278 alitor
602 2211 807 2276 iudicandum
824 2213 874 2276 est
890 2211 930 2281 de
946 2231 995 2294 ep.
1009 2213 1095 2276 1114
1112 2231 1175 2296 qua
1192 2211 1315 2277 Plinius
1330 2211 1458 2293 copiosa

321 2317 461 2399 exponit,
496 2335 552 2381 cur
584 2313 719 2381 maxime
752 2314 954 2380 Baeticorum
987 2334 1115 2382 causam
1147 2318 1258 2383 contra
1284 2312 1457 2381 Caecilium

321 2418 497 2487 Classicum
540 2419 696 2501 agendam
736 2419 922 2501 susceperit.
980 2421 1020 2484 In
1058 2439 1122 2504 qua
1158 2438 1193 2486 re
1231 2420 1312 2486 haec
1347 2417 1459 2485 scribit

321 2521 340 2610 ξ
378 2531 397 2590 2
447 2546 515 2588 cam
558 2522 716 2608 pollicum
759 2545 835 2608 opas
883 2545 951 2590 maa
998 2527 1134 2610 pecunia
1176 2525 1379 2589 iaclaalacas
1422 2525 1459 2587 ia

325 2628 440 2693 Tuscos
463 2630 706 2694 eacacalaisscm
728 2639 862 2712 accepto,
895 2640 932 2694 at
952 2628 1131 2714 praefectae
1164 2629 1295 2710 aerarii,
1328 2648 1458 2693 commc-

321 2744 386 2812 atu,
424 2733 521 2817 lopati
559 2732 743 2816 provinciae
780 2729 929 2797 Baeticae
971 2735 1114 2818 praestari
1155 2733 1194 2798 dc
1234 2731 1460 2817 proconsulatu

325 2833 455 2900 Caecilii
490 2833 619 2900 Classici
650 2833 834 2899 advocatam
868 2857 915 2900 aaa
948 2859 968 2899 a
996 2848 1107 2901 sanata
1132 2839 1301 2921 petierant.
1344 2835 1385 2900 In
1405 2851 1458 2916 cp.

323 2940 427 3002 autom
461 2936 501 3002 ad
534 2935 618 3003 Trai.
643 2943 662 3001 8
695 2955 765 3002 cum
793 2937 904 3018 templi
936 2937 969 3003 in
997 2936 1167 3020 municipio
1193 2955 1252 3002 suo
1274 2934 1460 3002 exstruendi

323 3059 420 3106 causa
443 3058 462 3105 a
483 3040 627 3122 principe
650 3043 857 3106 commeatum
880 3043 970 3122 petat
997 3041 1047 3106 his
1069 3040 1176 3107 verbis
1197 3064 1272 3128 copo
1294 3062 1366 3127 arpo
1388 3052 1460 3105 cate

323 3149 427 3211 amaia
445 3147 613 3230 permittas
640 3147 718 3209 mili
739 3167 815 3230 opus
833 3147 918 3232 qaod
939 3147 1142 3212 tactoatama
1164 3168 1232 3211 caat
1255 3168 1408 3212 caocaarc
1431 3157 1458 3209 ct

324 3262 378 3314 tua
405 3260 521 3328 statua,
555 3250 680 3328 deinde,
708 3259 743 3312 at
769 3249 824 3313 looc
851 3252 955 3326 facere
983 3271 1076 3334 qaam
1104 3252 1312 3315 maturissime
1333 3251 1459 3335 poesim,

322 3353 487 3435 iadalpaas
510 3363 711 3417 canonicatum
733 3350 827 3418 facile
849 3350 1037 3433 intelligitur
1058 3352 1091 3417 in
1114 3355 1248 3435 utraque
1270 3351 1406 3434 epistola
1421 3351 1462 3416 de

325 3454 434 3520 eodem
468 3473 563 3537 opere
591 3473 765 3520 sermonem
793 3473 872 3522 csse.
919 3455 1013 3540 Quod
1044 3454 1072 3521 si
1099 3455 1145 3522 ita
1171 3458 1230 3536 est,
1264 3474 1327 3521 non
1353 3457 1461 3537 potest

324 3557 392 3622 fieri
404 3557 478 3639 quin
492 3577 540 3639 ep.
554 3559 633 3622 1114
645 3577 708 3641 qua
720 3559 842 3624 Plinius
855 3561 1020 3641 acceptum
1032 3559 1095 3625 iam
1108 3561 1315 3625 commeatum
1328 3558 1461 3639 indicat,

324 3661 481 3742 posterior
513 3661 555 3726 sit
589 3681 637 3743 ep.
666 3662 707 3727 ad
734 3663 817 3729 Trai.
842 3669 872 3743 8,
907 3681 970 3746 qua
1003 3664 1212 3729 commeatum
1245 3661 1333 3727 illum
1360 3663 1459 3744 petat.

327 3764 420 3848 Quod
453 3783 529 3830 vcro
562 3765 594 3830 in
617 3769 759 3832 extrema
786 3766 921 3848 epistola
943 3767 1032 3832 1114
1061 3765 1172 3842 scribit
1194 3768 1315 3831 audisti
1336 3767 1462 3831 consilii

325 3871 386 3934 mci
407 3880 523 3932 motas:
544 3883 683 3954 superest
706 3872 861 3936 alterocca
881 3893 919 3936 aa
937 3883 1029 3956 parte
1043 3872 1198 3935 iudicium
1213 3882 1300 3934 taam
1315 3869 1460 3934 videmus

326 3989 407 4052 eum,
431 3971 485 4036 ubi
507 3971 642 4053 primurn
664 3991 706 4038 ex
718 3973 837 4038 itinere
852 3972 906 4039 illo
921 3973 1053 4038 Romam
1068 3972 1172 4053 rediit,
1195 3974 1279 4038 hane
1294 3971 1461 4054 epistolam

327 4076 366 4141 ad
391 4075 525 4141 amicum
549 4075 683 4141 dedisse.
723 4075 796 4160 Qua
818 4095 852 4141 re
875 4074 1012 4142 officitur
1033 4076 1118 4141 inter
1131 4076 1190 4142 has
1205 4076 1284 4141 duas
1300 4076 1461 4157 epistolas

327 4180 367 4244 ad
390 4180 474 4246 Trai.
498 4182 644 4245 octavam
667 4181 700 4244 et
721 4178 793 4244 libri
808 4179 894 4245 tertii
909 4178 1184 4263 quartamsbreve
1200 4178 1350 4261 temporis
1365 4179 1461 4244 inter·

327 4284 444 4347 vallum
466 4283 694 4348 intercessisse.
733 4281 797 4348 Sed
819 4285 944 4365 tempus
967 4283 1120 4364 epistolae
1142 4283 1230 4348 1114
1254 4281 1377 4347 deliniri
1399 4301 1462 4346 non

326 4389 433 4466 potest
465 4386 526 4450 nisi
559 4385 647 4466 prius
680 4384 721 4451 ad
752 4385 836 4452 liei.
868 4386 1024 4466 epistolae
1057 4392 1076 4450 8
1103 4388 1245 4467 tempore
1278 4384 1461 4451 constitute
