3228 5090
779 443 992 504 ..10-

249 690 250 694 ,
316 629 417 710 video,
452 649 508 695 eur
541 649 603 695 non
637 629 719 694 idem
753 630 930 694 statuamus
964 628 1003 692 de
1033 625 1136 692 verbis
1171 637 1215 690 161
1247 623 1370 708 officiis,
1406 635 1449 688 161

314 733 481 798 laboribus.
517 735 631 815 ltaque
646 731 769 795 Plinius
792 733 848 797 aut
871 731 1015 796 consulto
1038 729 1143 794 officia
1158 729 1191 792 in
1207 729 1335 794 Massae
1351 745 1449 792 eausa

312 835 457 902 Baeticis
479 836 635 917 praestita
657 835 689 898 in
713 833 814 899 maius
837 833 961 914 extulit,
986 835 1042 898 aut
1064 853 1097 898 re
1120 851 1197 897 vera
1220 851 1258 897 ea
1281 829 1450 896 eiusmodi

314 941 413 1019 erant,
449 938 563 1022 quibus
592 939 638 1002 ita
671 937 800 1018 gloriari
829 939 947 1018 posset,
983 938 1019 1001 ut
1042 955 1090 1017 ep.
1114 937 1199 1016 173
1223 932 1309 1000 feeit.
1355 933 1449 1016 Quod

314 1041 440 1125 quidem
464 1041 589 1107 facilius
616 1043 749 1121 statuas,
778 1040 805 1104 si
829 1038 981 1120 respicias
1009 1038 1152 1121 quaeda
1175 1036 1317 1103 Baetieis
1340 1039 1450 1104 eontra

313 1145 455 1210 Massam
478 1163 497 1210 a
519 1143 622 1208 Plinio
646 1141 785 1208 defensis
807 1162 856 1224 ep.
880 1143 935 1208 ΠΙ
950 1148 1001 1222 4,6
1026 1143 1174 1222 leguntur
1193 1151 1358 1226 praetereo
1381 1161 1450 1204 ram

313 1250 499 1314 recordarer
526 1258 644 1333 quarata
675 1269 735 1331 pro
762 1248 861 1312 1661616
887 1247 1025 1310 Baeticis
1058 1247 1217 1331 superiore
1247 1244 1451 1310 aduocatione

315 1351 408 1415 etiam
433 1352 575 1434 66616616
601 1349 758 1428 arabissam,
782 1350 1029 1414 conservandam
1054 1349 1167 1414 6616616
1193 1347 1292 1432 officii
1306 1348 1451 1412 16661166(

314 1476 392 1518 aooo
415 1453 590 1519 uidebatur.
637 1452 698 1516 Est
720 1454 802 1517 66161
832 1454 878 1515 ilo
912 1463 1124 1536 comparatam
1157 1462 1192 1515 61
1225 1451 1452 1535 antiquiora

316 1555 503 1641 beneficio
530 1549 798 1635 6661666166,’6161
818 1557 877 1619 1116
909 1555 1134 1638 posterior-ibae
1163 1556 1307 1619 66666166.
1353 1552 1452 1618 Porro

315 1659 344 1724 si
364 1659 405 1724 de
427 1659 576 1740 perieulis
600 1677 682 1741 quae
704 1659 765 1723 hae
788 1675 886 1722 eausa
902 1657 1025 1721 Plinius
1048 1656 1190 1722 subierat
1211 1656 1365 1738 epistolae
1381 1654 1454 1720 libri

316 1761 443 1844 septimi
473 1761 656 1843 trigesimae
678 1761 792 1826 tertiae
819 1762 1038 1841 paragraphus
1061 1761 1227 1841 septimam
1252 1763 1284 1825 et
1306 1762 1453 1826 ootavam

316 1865 496 1945 contuleris
521 1864 614 1930 faeile
629 1863 740 1945 opinor
756 1864 911 1929 aeneades
926 1862 1025 1929 verba
1041 1883 1123 1946 quae
1138 1864 1289 1944 leguntur
1304 1883 1353 1944 ep.
1369 1863 1452 1943 166

317 1969 435 2051 optime
458 1969 498 2034 ad
521 1987 617 2033 unam
632 1968 761 2032 Massae
784 1986 912 2032 eausam
937 1987 964 2033 a.
990 1974 1030 2032 93
1046 1970 1208 2049 pernetam
1224 1966 1334 2034 referri
1349 1985 1452 2048 posse.

316 2071 455 2138 Aeeedit
478 2072 563 2154 quod
578 2071 606 2136 si
621 2069 820 2137 Asbaelrium
836 2070 996 2152 sequimur
1012 2089 1075 2135 non
1091 2073 1235 2152 apparet,
1260 2090 1315 2136 eur·
1330 2070 1454 2136 Plinius

317 2195 379 2241 non
395 2176 511 2240 dixerit
534 2177 659 2240 ‘eontra
673 2161 870 2255 provinciam
887 2193 980 2256 quam
997 2225 1003 2238 .
1022 2224 1029 2239 .
1049 2224 1054 2236 .
1079 2174 1140 2240 iam
1158 2173 1215 2239 bis
1231 2175 1453 2242 devinxerim‘:

317 2280 402 2362 quod
436 2298 472 2344 eo
496 2279 597 2360 magis
632 2275 870 2359 exspectaveris
899 2276 973 2359 quia
1007 2279 1068 2341 hae
1095 2295 1192 2342 eausa
1226 2277 1336 2343 addita
1359 2263 1454 2343 etiam

318 2381 442 2448 faoilius
466 2381 553 2448 Galli
586 2380 828 2447 advocationem
856 2397 1010 2445 exeusare
1039 2383 1175 2462 poterat.
1222 2381 1369 2465 Denique
1392 2401 1455 2448 non

317 2485 542 2566 negligendum
565 2486 615 2548 est
637 2485 721 2566 quod
739 2485 953 2548 Mommsenus
969 2482 1162 2564 significavit
1183 2481 1227 2568 (p.
1246 2482 1300 2569 41)
1316 2485 1455 2550 Plinium

317 2591 351 2656 in
373 2590 428 2656 illa
451 2590 580 2655 Massae
607 2606 705 2653 eausa
739 2587 864 2668 agenda
890 2605 947 2667 per
974 2587 1101 2667 longius
1135 2588 1287 2668 temporis
1316 2590 1455 2670 spatium

320 2694 509 2774 oeeupatum
532 2689 640 2756 fuisse.

405 2798 474 2860 Iam
490 2789 689 2860 transeamus
705 2793 745 2858 ad
761 2794 895 2859 alterurn
912 2794 996 2876 quod
1009 2793 1193 2860 Asbaehius
1209 2796 1250 2860 ad
1266 2795 1456 2864 sententiam

318 2895 406 2965 suam
444 2898 689 2964 confirmandam
723 2897 831 2963 attulit
865 2902 1094 2978 argumentum.
1143 2880 1221 2964 Vult
1247 2899 1330 2965 enim
1359 2897 1457 2966 verba

319 3005 498 3086 quaesunt
529 3026 585 3068 666
605 3003 688 3086 fiala·
709 3025 764 3068 oro
792 3005 986 3068 constantiae
1018 3002 1123 3066 redire
1151 3003 1192 3067 ad
1225 3002 1304 3067 illud
1326 3006 1456 3070 senatus

319 3107 506 3186 eonsultum
542 3124 603 3188 quo
636 3107 745 3187 patres
780 3093 883 3170 Plinio
922 3105 1208 3187 praeclarissimum
1243 3105 1456 3172 testimonium

320 3210 395 3275 fidei
421 3208 649 3291 perhibuerint,
683 3211 852 3290 postquam
876 3205 1011 3274 Classici
1044 3228 1173 3275 eausam
1196 3210 1237 3274 ad
1270 3209 1457 3292 116661666-

318 3313 456 3378 eluxerit.
503 3310 567 3377 Sed
601 3311 749 3394 quoniam
783 3309 903 3376 (161116
937 3315 1067 3377 senatus
1095 3313 1239 3378 consulto
1273 3313 1353 3378 haee
1380 3313 1459 3380 (11611

318 3435 370 3498 ep.
393 3417 449 3482 ΙΙΙ
465 3421 537 3496 9,23
561 3417 665 3482 aedera
686 3427 812 3481 6666166
835 3417 972 3480 66666116
994 3418 1155 3480 industria
1170 3416 1254 3499 fidos
1277 3419 1456 3486 6666166116

320 3532 427 3585 666166
448 3521 628 3604 planissimo
649 3520 823 3584 testimonio
840 3517 1036 3604 comprobato
1060 3531 1104 3584 661
1120 3518 1295 3586 mirandum
1312 3519 1459 3586 videatur

321 3624 406 3706 quod
430 3622 501 3706 quis
529 3622 562 3687 in
584 3622 634 3688 his
663 3619 768 3686 verbis
795 3624 841 3686 ila
865 3645 921 3687 666
946 3623 1167 3701 noeaoeane
1190 3628 1460 3690 66666661661166

321 3751 415 3813 qaam
438 3729 546 3812 olilipr's
569 3730 711 3790 66666611
733 3727 839 3791 adesso
862 3737 969 3788 eontra
991 3727 1189 3811 provinciam
1218 3726 1257 3791 de
1279 3725 1459 3794 testimonio

320 3830 374 3896 illo
398 3830 581 3912 plenissimo
605 3829 803 3910 cogitaverit.
840 3827 934 3894 Certe
956 3827 984 3894 si
1006 3829 1067 3894 hee
1089 3829 1243 3896 voluisset
1258 3829 1381 3896 Plinius
1397 3849 1460 3896 uon

321 3934 428 4000 statim
452 3934 524 3999 voei
546 3935 740 3999 6666661166
763 3931 951 3998 subiecisset
973 3955 1068 4018 qoam
1091 3934 1208 4017 (1111916.

411 4039 512 4103 Immo
547 4037 773 4103 attendendum
797 4038 847 4102 est
881 4035 1060 4118 ubieunque
1083 4036 1122 4100 de
1155 4036 1334 4102 advocandi
1357 4035 1460 4104 effieio

320 4144 437 4224 agatur
458 4142 517 4206 has
540 4160 622 4224 quae
653 4140 788 4205 maxime
811 4141 946 4206 deceant
974 4140 1164 4206 advoeatum
1188 4140 1323 4206 virtutes
1345 4139 1460 4208 tidem

324 4248 362 4311 61
395 4245 651 4311 constantiam
686 4241 931 4309 commemorari.
982 4243 1084 4308 Velut
1110 4262 1159 4324 ep.
1188 4243 1308 4324 V13‚2
1342 4267 1462 4311 6666666

325 4352 527 4432 defensionis
550 4371 613 4414 666
636 4349 752 4426 sillero
774 4345 835 4410 6111
857 4350 892 4410 io
915 4348 1118 4412 oclaorola'oae
1133 4348 1187 4412 secl
1209 4350 1461 4414 coartoala‘am
