3228 5090
654 791 770 858 Pars
793 791 824 857 I.

256 959 384 1025 Initium
407 961 591 1043 disputandi
606 959 739 1027 lecimus
756 960 795 1026 ab
812 981 860 1044 ep.
878 964 940 1029 17.
975 962 1099 1028 Plinius
1115 982 1304 1046 quamquam
1333 978 1375 1022 17.

168 1061 307 1144 denegat
329 1060 467 1130 Octavio
489 1063 574 1131 Rufo
609 1083 643 1130 se
671 1083 800 1130 causam
829 1065 918 1132 Calli
945 1086 964 1131 a
987 1065 1130 1131 Baeticis
1163 1067 1306 1132 accusati

167 1185 239 1231 esse
253 1170 485 1248 suscepturum,
509 1171 616 1233 tamen
631 1169 693 1233 hac
708 1167 843 1250 epistola
858 1168 1024 1250 promittit,
1048 1187 1083 1234 se
1098 1189 1139 1234 ne
1156 1170 1305 1236 Baeticos

167 1268 294 1352 quidem
317 1269 496 1335 adiuturum
520 1289 600 1336 esse.
635 1272 704 1335 Iam
727 1289 797 1336 cum
814 1271 937 1336 Plinius
953 1271 1003 1336 sui
1018 1273 1191 1338 excusandi
1208 1292 1306 1339 causa

167 1373 248 1438 hacc
270 1371 356 1438 dicat
374 1369 425 1457 §2
451 1377 564 1439 etenim
585 1383 667 1439 sicat
681 1375 739 1460 fas
756 1387 800 1441 est
815 1378 893 1440 miti
913 1379 1100 1460 praesertim
1118 1389 1147 1442 te
1164 1380 1305 1462 eciqeate

168 1499 315 1542 eccasare
333 1476 470 1542 Baeticis
493 1489 602 1541 contra
624 1502 722 1542 uniam
743 1480 895 1544 bominem
918 1481 1160 1560 advocationem,
1188 1483 1235 1544 ita
1250 1503 1305 1547 nec

160 1581 243 1665 ¹ridee'
256 1591 380 1645 nostrae
395 1604 452 1646 nec
467 1585 660 1647 constantiae
683 1604 776 1667 quam
793 1573 1059 1667 dilipis'conoenit
1073 1585 1180 1650 adesse
1197 1596 1305 1649 eontra

166 1685 371 1769 prouinciam,
396 1707 490 1770 quam
514 1696 558 1750 tot
580 1685 704 1770 officiis,
729 1697 774 1751 tot
796 1685 961 1765 laboribus,
985 1698 1030 1750 tot
1045 1689 1139 1752 etiam
1154 1688 1305 1772 perieulis

168 1789 243 1853 meis
258 1787 430 1871 aliquanda
446 1789 652 1868 devincerint,
676 1788 848 1871 quaeritur,
865 1807 1003 1871 quonam
1018 1790 1079 1854 hoe
1093 1789 1205 1855 tendat
1221 1790 1304 1872 quod

168 1908 203 1954 se
225 1889 310 1956 illam
333 1891 529 1973 provinciam
563 1891 732 1974 aliquando
760 1892 943 1957 devinxisse
977 1912 1039 1958 nou
1068 1893 1169 1958 solum
1192 1891 1304 1959 officiis

168 1995 200 2058 et
222 1993 382 2060 laboribus
405 1994 460 2060 sed
484 1995 579 2060 etiam
602 1996 751 2077 perieulis
775 1997 861 2062 dicit.
898 1997 971 2081 Qua
992 1997 1025 2061 in
1049 2017 1082 2062 re
1103 2016 1233 2062 neeesse
1256 1999 1305 2062 est

167 2097 406 2163 reminiscamur
426 2098 565 2163 Plinium
588 2118 616 2166 a.
634 2105 675 2164 93
698 2099 791 2165 simul
815 2120 885 2165 cum
909 2101 1071 2166 Herennio
1088 2100 1263 2166 Senecione
1286 2120 1305 2166 1

168 2203 281 2266 senatu
314 2201 423 2267 datum
457 2220 528 2267 esse
563 2205 731 2284 patronum
765 2204 917 2284 Baeticis,
956 2204 1010 2287 qui
1044 2215 1110 2269 tum
1149 2204 1303 2269 Baebium

166 2305 308 2370 Massam
332 2309 569 2372 accusaverant.
609 2306 793 2373 Asbachius
816 2327 891 2373 vero
915 2327 985 2373 cum
1009 2311 1106 2389 neget
1128 2309 1172 2390 (p.
1189 2309 1246 2390 42)
1263 2309 1304 2373 ad

167 2409 250 2473 hunc
273 2427 366 2473 unam
390 2428 519 2474 causam
542 2409 653 2475 referri
675 2430 770 2493 posse
785 2411 840 2476 illa
856 2411 954 2476 verba
970 2411 1117 2476 Pliniana
1132 2430 1215 2494 quae
1230 2416 1305 2477 sunt

169 2524 212 2577 tot
234 2512 348 2597 officiis
371 2525 414 2578 tot
436 2513 593 2578 laboribus
616 2513 824 2580 ratiocinatus
847 2517 897 2580 est
919 2517 965 2579 ita
980 2517 1016 2580 ut
1031 2514 1152 2580 diceret
1165 2514 1304 2579 Plinium

167 2615 217 2679 his
233 2614 338 2681 verbis
354 2618 386 2681 et
400 2615 486 2680 illam
503 2618 535 2682 et
549 2636 607 2699 pro
623 2617 736 2683 iisdem
747 2617 995 2700 provincialibus
1008 2621 1118 2683 contra
1130 2614 1304 2683 Caecilium

168 2715 344 2783 Classicum
382 2723 563 2802 susceptam
602 2739 730 2786 causam
767 2721 956 2804 respexisse.
1012 2720 1120 2805 Quare
1156 2721 1304 2803 quoniam

169 2841 218 2904 cp.
231 2823 286 2888 ΙΠ
299 2829 317 2886 9
333 2823 373 2888 ad
386 2823 592 2914 Minicianum
609 2825 706 2890 missa
718 2824 841 2891 Plinius
854 2843 982 2890 causam
995 2822 1131 2890 Classici
1143 2824 1304 2905 describit,

169 2926 333 3009 epistolam
357 2927 430 2992 libri
451 2927 545 3010 primi
567 2929 735 3010 septimam
757 2932 831 3011 post
853 2947 902 3010 ep.
926 2930 1016 2994 1119
1040 2948 1068 2994 1.
1094 2929 1304 3008 101111102

168 3030 319 3112 scriptam
353 3049 423 3096 esse
457 3031 518 3096 sibi
554 3032 722 3114 persuasit.
770 3032 874 3117 Quam
909 3032 1099 3097 sententiam
1129 3034 1214 3097 stare
1241 3051 1303 3097 non

167 3153 262 3217 posse
306 3138 456 3201 accurata
500 3135 623 3201 illorum
673 3135 840 3202 verborum
897 3135 1117 3218 interpretatio
1168 3134 1303 3200 docebit.

167 3239 352 3304 Messonum
376 3239 502 3322 quidem
526 3237 575 3324 (C.
592 3239 688 3305 Plinii
710 3239 849 3306 Secundi
871 3239 1008 3304 Iunioris
1031 3239 1108 3304 vila.
1144 3239 1304 3303 Amstelo·

168 3343 254 3409 dami
278 3341 374 3426 1709)
407 3342 591 3410 Asbachius
620 3346 707 3410 11111
741 3344 823 3409 dixit
846 3363 968 3410 errasse
1003 3363 1073 3409 oum
1097 3341 1305 3408 arbitraretur

168 3465 218 3528 ep.
242 3448 293 3512 17
318 3447 358 3512 de
374 3443 509 3512 Classici
532 3466 629 3513 causa
651 3447 713 3528 agi.
749 3448 788 3512 ld
811 3447 895 3530 quod
915 3447 1128 3513 reiectaneum
1145 3466 1215 3512 esse
1231 3446 1305 3512 indo

168 3550 356 3633 intelligitur
390 3551 474 3634 quod
507 3552 568 3616 hac
603 3551 737 3632 epistola
770 3551 864 3616 unius
895 3549 983 3616 Galli
1015 3568 1129 3615 nomen
1164 3550 1303 3615 dolatum

168 3652 308 3735 affertur,
332 3673 403 3720 cum
426 3654 459 3719 in
482 3652 617 3720 Classici
640 3674 737 3721 causa
760 3656 869 3720 eodem
893 3657 1034 3735 tempore
1057 3655 1235 3736 complures
1257 3653 1304 3719 rei

169 3759 285 3824 essent.
331 3756 367 3823 Si
396 3775 471 3823 vero
495 3757 659 3823 Asbachio
693 3758 804 3822 damus
827 3757 926 3822 verbe
958 3757 1013 3821 illa
1041 3776 1104 3822 non
1126 3776 1221 3838 posse
1243 3756 1305 3821 nisi

169 3859 306 3927 Classici
342 3880 440 3927 causa
476 3864 591 3927 exacta
627 3861 772 3943 intelligi,
811 3861 920 3926 statim
958 3859 1130 3926 difficultas
1163 3860 1305 3927 exoritur

169 3963 302 4030 vocibus
318 3965 435 4030 additis
452 3965 495 4030 tot
512 3969 606 4032 eciam
617 3967 778 4051 perieulis.
808 3962 888 4030 Cum
905 3964 987 4030 enim
1003 3964 1127 4029 Plinius
1143 3983 1191 4045 ep.
1208 3964 1304 4044 1114,

169 4087 233 4151 qua
267 4069 398 4150 exponit
422 4088 479 4135 cur
512 4070 649 4135 maxime
676 4067 812 4135 Classici
845 4087 973 4135 causam
1002 4068 1186 4149 susceperit,
1216 4064 1248 4150 (ᾗ
1273 4066 1304 4150 7)

169 4172 231 4238 hoo
253 4173 285 4237 et
312 4172 416 4254 ipsum
438 4171 589 4255 proterat,
624 4172 685 4238 sibi
707 4173 740 4237 in
773 4174 834 4239 hac
857 4191 955 4238 causa
987 4173 1107 4237 nullum
1129 4170 1304 4252 periculum

167 4275 342 4341 timendum
366 4295 445 4357 esse,
477 4279 610 4359 apparet
632 4275 731 4342 verba
758 4289 801 4342 tot
828 4279 923 4344 eciam
951 4277 1103 4362 periculis
1125 4293 1188 4340 non
1210 4293 1304 4357 posse

168 4379 328 4464 pertinere
350 4379 412 4445 nisi
434 4375 594 4446 ad'unum
610 4381 739 4445 Massae
754 4398 892 4446 causam.
928 4378 1022 4463 Quod
1044 4378 1072 4443 si
1093 4378 1139 4443 ita
1161 4380 1220 4458 est,
1241 4397 1304 4444 non
