3228 5090
602 447 818 506 ,ῃ-

142 630 279 712 primum
300 631 434 696 amicum
462 631 627 696 certiorem
656 629 761 696 iacere
783 630 907 696 Plinius
934 629 1069 710 videtur,
1104 648 1139 694 sc
1166 647 1278 694 versus

144 733 215 800 eius
235 734 361 815 imitari„
395 737 507 800 comma
529 753 578 817 ep.
602 734 635 799 V
652 741 691 800 to
725 734 765 799 de
787 735 848 800 hac
874 733 1050 800 imitatione
1077 732 1217 816 loquitur
1242 731 1279 797 ut

145 838 187 904 de
212 856 246 903 re
278 837 325 903 illi
357 837 420 903 iam
453 840 537 904 nota
587 838 661 903 Hoc
694 837 803 904 ordine
837 837 901 922 (IV
921 843 955 913 3;
985 843 1034 903 18.
1069 835 1173 919 Vra)
1208 854 1279 901 sese

143 940 311 1022 excepisse
343 937 494 1023 epistolas
521 941 658 1008 sirecte
684 941 863 1022 statuimus,
898 960 947 1023 ep.
972 942 1004 1004 V
1020 948 1059 1007 15
1087 943 1281 1006 monstratur

146 1043 285 1110 Pliuium
311 1043 342 1110 in
370 1043 532 1110 imitandis
558 1043 687 1126 graecis
710 1043 804 1110 amici
831 1044 1068 1126 epigrammatis
1090 1043 1279 1126 perrexisse.

232 1147 284 1214 De
306 1166 354 1230 ep.
379 1148 462 1214 V2l
498 1147 544 1212 ita
577 1147 742 1229 disputare
762 1147 848 1228 licet,
881 1151 917 1212 ut
949 1147 1042 1213 simul
1074 1147 1281 1230 respiciamus
1308 1155 1372 1200 V21·

146 1251 312 1333 epistolam
338 1251 424 1318 VIII
436 1258 486 1317 23.
532 1250 660 1316 Etenim
694 1251 841 1334 quoniam
864 1254 999 1335 utraque
1022 1251 1157 1334 epistola
1179 1270 1281 1316 sermo

146 1357 197 1420 est
219 1355 260 1421 de
281 1358 381 1422 morte
396 1355 491 1420 Aviti
512 1355 685 1436 cuiusdam,
702 1355 886 1421 Asbaclrins
909 1355 954 1440 (p.
970 1362 1010 1420 47
1027 1353 1089 1440 sq.)
1115 1355 1189 1422 iude
1211 1374 1282 1437 pro-

146 1456 250 1523 fectus
283 1458 368 1540 quod
400 1459 480 1524 duas
514 1458 666 1541 epistolas
698 1458 739 1524 nd
772 1478 867 1524 nnum
902 1459 1099 1543 eundemque
1136 1459 1282 1525 iuvenem

147 1567 262 1628 a.1·08
296 1561 328 1626 in
362 1564 552 1628 testamento
575 1561 764 1627 Dasumiaui
795 1581 860 1628 una
892 1581 963 1627 cum
986 1562 1091 1627 Plinio
1116 1565 1148 1627 et
1170 1561 1282 1627 Tacito

146 1666 296 1732 heredem
318 1666 523 1731 coustitutum
547 1665 678 1746 rettulit,
713 1665 845 1746 negavit
878 1665 1043 1748 epistolam
1078 1666 1150 1731 libm'
1181 1665 1282 1749 quinti

148 1768 330 1836 vicesimam
346 1768 481 1851 primam
492 1773 566 1834 ante
578 1788 606 1835 a.
625 1775 686 1833 loe
698 1772 800 1835 ortam
812 1788 891 1836 csse.
927 1769 973 1836 Ut
988 1769 1188 1852 diiudicetur,
1201 1770 1283 1835 sitne

149 1890 183 1936 re
206 1891 284 1938 vera
305 1873 344 1937 de
367 1891 429 1938 uuo
445 1873 547 1939 Avito
562 1872 776 1955 cogitandum,
801 1873 981 1939 accuratius
997 1893 1079 1957 quae
1095 1876 1135 1939 de
1150 1877 1284 1957 utroque

149 1974 324 2041 afferuntur
345 1975 544 2058 inspicienda
565 1979 648 2042 suot.
691 1976 846 2042 Videmus
869 1976 967 2058 igitur·
989 1981 1157 2061 utrumque
1179 1977 1284 2044 studio

149 2077 277 2144 dicendi
298 2078 460 2161 flagrasse,
492 2079 595 2146 officio
619 2085 810 2164 quaesturae
833 2079 974 2146 functum
998 2081 1031 2146 iu
1052 2081 1154 2163 primo
1175 2082 1284 2146 iuven-

149 2182 229 2250 tutis
250 2182 325 2250 dore
348 2184 542 2250 exstinctum
563 2203 642 2250 essa¹
682 2184 807 2250 Deinde
830 2185 952 2250 Plinius
975 2191 1008 2251 et
1029 2185 1123 2250 huius
1146 2188 1179 2250 et
1200 2184 1285 2250 illius

150 2289 251 2351 morte
272 2305 393 2352 summo
416 2289 523 2354 dolore
545 2287 688 2369 affectus,
715 2307 778 2372 quo
800 2291 946 2370 tempore
963 2289 1093 2353 nuntius
1116 2287 1221 2354 obitus
1244 2289 1285 2354 ad

151 2409 221 2456 eum
245 2391 344 2472 veuit,
366 2390 513 2457 nonfuit
534 2391 664 2458 Romae.
702 2392 755 2456 ux
777 2393 879 2458 altera
899 2395 991 2475 parta
1014 2411 1096 2475 quae
1119 2391 1285 2476 quominus

150 2495 283 2561 eandem
305 2513 473 2578 personam
495 2495 710 2577 intelligamus
731 2495 918 2577 impediunt,
941 2494 1023 2561 haec
1036 2499 1125 2562 sunt:
1150 2497 1190 2560 de
1207 2496 1287 2561 lulio

152 2598 253 2665 Avito
276 2617 324 2681 ep.
349 2600 466 2679 Vara
489 2598 613 2663 Plinius
645 2599 692 2664 ita
724 2599 868 2682 orientur
891 2601 976 2664 iilud
996 2601 1091 2683 plone
1113 2623 1175 2664 non
1199 2603 1288 2665 triete

152 2705 251 2768 oolam
282 2725 389 2768 noram
422 2705 517 2768 enam
548 2704 731 2778 luctuosum,
766 2704 851 2788 quod
885 2701 989 2767 Iclr'co
1012 2702 1125 2766 Avitus
1149 2705 1287 2783 decernit,

153 2809 228 2872 dum
251 2829 288 2872 ec
321 2818 491 2892 quaestura
523 2808 619 2894 redit,
652 2808 784 2872 decessit
816 2809 852 2869 in
885 2825 973 2886 noce,
1005 2808 1116 2890 procul
1145 2831 1164 2870 a
1180 2805 1289 2886 frome

153 2914 376 2990 amantissimo,
408 2912 519 2996 procot
551 2934 572 2973 o
604 2922 713 2990 manu,
748 2935 768 2974 a
800 2908 965 2974 sororibus.
1011 2909 1050 2973 In
1077 2928 1125 2990 ep.
1149 2911 1235 2975 VIII
1248 2915 1289 2973 23

154 3013 231 3079 nillil
253 3013 414 3080 invenitur
436 3012 476 3078 de
499 3012 605 3078 dolore
628 3011 745 3078 fratris·
758 3016 791 3077 et
813 3029 964 3093 sororum,
998 3012 1055 3077 sed
1079 3014 1291 3079 inemorautur

153 3120 277 3184 tantum
299 3116 430 3197 grandis
451 3118 531 3182 natu
554 3119 664 3197 mater,
688 3134 778 3197 uxor,
793 3115 867 3182 filia.
903 3115 997 3200 Quod
1013 3135 1089 3181 vero
1106 3117 1290 3182 Asbachius

154 3241 195 3287 ex
217 3240 267 3308 ep.
290 3221 377 3287 VIII
388 3226 463 3301 23,8
484 3223 575 3285 modo
597 3222 779 3305 deculpantur
801 3222 924 3300 aeditis,
947 3243 1054 3286 roccus
1076 3226 1220 3304 oiaritno,
1242 3225 1291 3285 io·

155 3325 272 3391 tootrrm
282 3328 438 3406 honorent,
451 3324 556 3389 orbum
568 3335 709 3405 ciatrem,
721 3325 851 3388 cidomm
866 3347 1005 3405 umorem,
1014 3324 1120 3406 filiam
1132 3325 1291 3408 pupillum

154 3433 301 3516 iquorem
322 3431 425 3514 potito
447 3429 579 3513 reliquit
612 3426 741 3508 collegit
768 3445 897 3494 uxorem
922 3429 954 3492 et
976 3426 1072 3492 dliam
1095 3445 1165 3492 cum
1190 3427 1292 3493 Avito

154 3533 186 3598 in
218 3551 303 3598 nave
336 3525 444 3612 fuisse
478 3531 554 3596 huic
586 3530 727 3612 opinioni
749 3533 908 3613 repugnet
930 3530 1014 3612 quod
1037 3530 1146 3595 eadem
1170 3529 1293 3595 ratione

34 3701 35 3715 ,
154 3637 236 3702 mom
270 3635 473 3702 statuendum
507 3637 593 3701 essm
626 3634 666 3699 do
699 3637 816 3700 matra:
854 3634 887 3699 id
920 3633 1005 3716 quod
1042 3653 1082 3698 ne
1115 3635 1293 3699 statuamus

35 3757 37 3828 Q
159 3739 346 3806 dissuadent
361 3757 444 3822 (puae
459 3758 507 3821 ep.
525 3740 557 3803 V
569 3744 642 3819 21,3
658 3738 808 3820 leguntur
823 3739 952 3804 deceruit
967 3742 1002 3801 e'o
1017 3761 1096 3804 noce
1109 3740 1220 3823 procat
1236 3787 1242 3800 .
1260 3789 1267 3803 .
1288 3787 1293 3800 .

160 3871 182 3910 o
210 3855 323 3910 maore.
369 3842 494 3910 Deinde
527 3861 576 3925 ep.
600 3842 689 3908 VIII
700 3848 741 3908 23
775 3842 862 3906 recte
894 3840 1058 3906 intellecta
1090 3840 1183 3906 fldem
1217 3839 1296 3906 facit

159 3948 299 4022 Plipium
331 3965 402 4013 eum
437 3947 498 4013 hoc
524 3946 625 4012 Anto
659 3944 775 4011 artiore
808 3943 1033 4011 familiaritatis
1063 3944 1189 4009 vinculo
1223 3962 1296 4009 con·

161 4052 302 4120 iunctum
336 4049 435 4117 fuisse
468 4069 561 4134 quam
596 4069 667 4116 cum
701 4048 800 4114 altero
834 4066 928 4131 quem
954 4048 1295 4128 ep.V21memoret.

162 4156 221 4222 Vol
255 4156 337 4221 hacc
370 4154 518 4222 attendas
540 4153 638 4238 (VIII
651 4159 703 4233 23,
727 4150 761 4237 2)
795 4154 894 4217 lotam
916 4152 1037 4215 ciocum
1060 4152 1095 4213 io
1118 4151 1206 4214 domo
1228 4171 1297 4215 meo
1392 4187 1397 4198 ·

162 4262 325 4326 induami:
358 4260 509 4346 euffropo'o
530 4281 596 4324 meo
618 4258 748 4322 adiutae
768 4260 804 4320 c'o
822 4255 969 4342 petendis
990 4252 1155 4317 honoribus
1178 4257 1298 4329 fuerat:

164 4366 204 4427 od
225 4367 283 4429 too
300 4366 347 4427 ito
362 4385 408 4426 ure
423 4361 585 4447 diiipednt
607 4363 654 4425 ito
668 4359 845 4440 enodator,
867 4371 903 4424 ct
917 4381 966 4424 mc
981 4360 1151 4435 formatore
1166 4379 1296 4441 mmmm,
