3228 5090
636 465 851 523 ..35-

178 645 294 712 333311
316 650 453 729 neptem,
476 648 509 713 in
532 649 763 714 matrimonium
788 648 888 730 duxit,
917 649 1007 714 annis
1030 651 1066 715 nt
1087 649 1215 714 videtur
1238 656 1309 730 101,

180 757 251 830 102,
268 750 377 818 abillo
393 753 518 817 demum
529 754 671 834 tempore
684 752 751 817 veri
767 752 868 817 simile
880 754 930 817 est
941 752 974 817 in
985 752 1164 818 interiorem
1177 751 1311 832 familia·

178 853 304 920 ritatem
327 854 443 921 Fabati
465 854 600 922 venisse.
646 855 787 921 Accedit
809 856 893 938 quod
915 855 1038 921 Plinius
1060 856 1134 921 inde
1157 875 1176 924 3
1198 859 1311 940 quarto

179 959 303 1023 demum
319 957 399 1025 libro
415 957 532 1024 Fabati
546 958 735 1025 mentionem
752 957 839 1039 13311,
856 961 889 1024 31
904 958 1031 1042 quidem
1046 959 1143 1025 itaut
1158 979 1310 1026 summam

178 1060 262 1126 inter
294 1080 348 1126 eos
382 1061 553 1127 amicitiam
585 1060 782 1127 intercedere
804 1061 1011 1143 intelligatur.
1055 1063 1130 1128 Hue
1151 1063 1312 1145 pertinent

179 1183 251 1247 epp.
285 1165 385 1241 iVl;
415 1165 517 1242 V11;
545 1166 661 1247 vieo,
696 1165 832 1231 maximo
865 1168 971 1231 autem
1004 1166 1111 1232 Vim
1146 1166 1200 1232 ubi
1232 1167 1313 1233 11333

174 1267 262 1353 (inde
289 1266 407 1354 a§3)
436 1293 474 1335 33
506 1272 571 1334 ello
606 1267 775 1352 (epistolis)
811 1271 895 1336 enim
926 1271 974 1334 oet
996 1273 1169 1356 praecipue
1201 1275 1312 1358 333113,

175 1384 293 1458 quanto
316 1392 408 1458 opere
435 1395 483 1438 me
506 1375 632 1458 ditique,
667 1395 736 1438 com
757 1376 803 1437 oio
826 1376 964 1458 eoeperit
985 1395 1104 1439 mecam
1125 1385 1162 1438 31
1195 1375 1313 1440 solabar

174 1499 244 1541 com
266 1487 318 1541 too
332 1477 416 1561 filio.
462 1475 554 1560 Quae
576 1476 605 1542 si
627 1476 698 1560 quis
722 1475 891 1542 contulerit
914 1494 985 1542 oum
1019 1474 1059 1541 iis
1093 1495 1175 1559 quae
1199 1497 1239 1542 ex
1261 1497 1311 1561 ep.

175 1580 244 1645 VH
256 1587 297 1646 23
321 1579 502 1661 memoravi,
524 1578 663 1646 fateatur
678 1598 809 1646 neeesse
825 1583 883 1660 est,
899 1581 1021 1645 tantam
1038 1580 1189 1646 orationis
1205 1581 1313 1646 simili·

175 1683 317 1749 tudinem
350 1683 400 1748 liis
434 1683 513 1749 loois
547 1686 687 1764 exstare,
729 1686 765 1748 ut
797 1702 838 1749 ex
870 1683 982 1748 iisdem
1015 1681 1082 1748 fere
1119 1683 1314 1766 temporibus

175 1786 330 1869 epistolae
354 1787 404 1851 VI
422 1794 461 1854 12
485 1790 518 1852 31
540 1787 608 1851 Vll
624 1793 665 1853 23
699 1785 830 1852 fluxisse
864 1786 1042 1853 videantur.
1093 1789 1209 1871 Itaque
1243 1807 1313 1854 oum

177 1891 294 1956 maiore
327 1889 551 1972 probabilitate
585 1890 750 1973 epistolam
778 1890 844 1974 VII
863 1897 904 1954 23
939 1891 1128 1957 Mommseni
1161 1892 1313 1958 rationem

176 1995 278 2078 seouti
301 2013 384 2061 anno
401 1999 461 2060 107
487 2013 581 2077 quam
604 1994 656 2060 oui
678 1994 779 2060 voluit
794 1995 910 2059 Petrus
932 2013 1015 2060 anno
1032 2000 1072 2058 99
1088 1994 1313 2062 adsodbemus.

176 2097 249 2163 Non
271 2097 364 2164 aliter
386 2097 589 2163 iudioandum
613 2099 663 2162 est
690 2097 730 2162 de
757 2097 829 2179 epp.
854 2097 921 2163 VH
937 2103 977 2162 32
1001 2099 1033 2162 31
1055 2098 1107 2164 IX
1123 2105 1153 2179 5,
1182 2085 1313 2181 quarum

177 2221 217 2267 ex
240 2203 342 2268 altera
357 2201 503 2267 Tironem
528 2200 613 2284 apud
635 2200 793 2266 Fabatum
818 2199 918 2266 fuisse
933 2200 1104 2282 3113311333,
1128 2201 1228 2267 311313
1244 2221 1315 2267 eum

177 2306 239 2372 iam
262 2325 320 2388 per
341 2305 467 2388 longius
489 2304 641 2387 temporis
674 2305 811 2387 spatium
846 2303 1043 2386 provinoiam
1077 2304 1315 2371 administrasse

178 2411 380 2475 monstratur.
425 2409 521 2474 Hane
544 2426 637 2491 quam
661 2407 789 2473 iniimus
812 2407 851 2472 de
873 2408 984 2474 harum
1009 2408 1214 2490 epistolarum
1238 2413 1315 2475 tem-

177 2512 306 2595 poribus
329 2512 519 2579 sententiam
542 2514 578 2577 ut
599 2511 823 2594 relinquamus,
858 2511 960 2576 neiis
994 2511 1120 2594 quidem
1155 2531 1317 2578 movemur

179 2636 260 2700 qnae
283 2618 399 2683 Petrus
422 2616 462 2681 de
483 2614 657 2698 provinciis
683 2615 894 2697 praetorianis
921 2615 1079 2681 disseruit.
1127 2614 1218 2699 Quae
1244 2635 1316 2698 pro·

179 2721 303 2787 1133133
326 2739 458 2804 quamn
479 2719 614 2785 Baetioa
636 2718 706 2800 11111,
730 2737 800 2785 oum
817 2718 1031 2802 quinquennio
1047 2720 1121 2800 post
1135 2722 1315 2801 praeturam

179 2824 392 2890 administrari
426 2824 573 2905 solerent,
611 2824 728 2889 Petrus
761 2821 899 2903 collegit,
938 2822 1084 2889 Tironem
1119 2842 1146 2888 a.
1176 2830 1216 2888 93
1254 2844 1318 2890 una

180 2947 250 2994 enm
281 2927 385 2995 Plinio
418 2927 574 3011 praetoris
608 2945 737 2993 munere
767 2924 910 2992 fanetum
948 2924 1003 3012 (ol.
1038 2946 1087 3009 ep.
1122 2927 1192 2995 VII
1217 2935 1266 3010 16,
1283 2926 1317 3013 2)

180 3052 208 3100 a.
233 3039 273 3097 98
305 3032 450 3098 sortitum
481 3050 551 3097 esse
584 3029 790 3113 provinoiam.
846 3029 893 3096 Ut
927 3028 1009 3095 enim
1044 3030 1226 3097 omittamus
1260 3050 1317 3098 nos

180 3136 219 3202 de
241 3136 291 3202 his
307 3134 480 3218 provinoiis
502 3153 566 3200 non
582 3135 714 3200 multum
738 3137 931 3216 compertum
956 3132 1073 3200 habere
1096 3133 1150 3218 (of.
1171 3136 1316 3202 Momms

180 3240 270 3306 Rom.
298 3238 345 3307 St.
375 3243 468 3306 1887.
491 3240 528 3305 Π
547 3241 575 3320 1,
602 3257 633 3321 p.
662 3236 748 3322 251),
776 3237 809 3302 in
837 3239 944 3303 nostro
972 3240 1159 3320 argumento
1181 3257 1222 3304 ex
1244 3258 1316 3322 epp.

179 3343 231 3408 VI
253 3351 292 3408 12
322 3346 355 3410 31
384 3344 514 3410 71123
551 3343 648 3409 allato
677 3341 826 3408 maiorem
862 3341 1077 3424 persuadendi
1112 3341 1176 3406 vim
1214 3342 1319 3409 inesse

179 3449 328 3530 putamus
362 3447 512 3530 quamsi
543 3446 615 3530 quis
641 3445 736 3511 rebus
770 3445 968 3510 extrinsecus
1000 3443 1111 3526 petitis
1140 3445 1317 3527 opinionem
1448 3499 1451 3506 .

180 3550 323 3618 stabilire
344 3551 482 3618 studeat.

266 3655 444 3738 l'dpistolam
464 3653 537 3720 libri
551 3653 680 3737 septimi
696 3653 850 3719 decimam
866 3651 1031 3734 septimum
1048 3654 1123 3718 ante
1138 3671 1188 3735 ep.
1204 3655 1260 3721 III
1277 3660 1316 3720 18
1343 3665 1432 3712 11117-

181 3763 283 3826 311313
306 3779 377 3827 esse
399 3761 515 3826 Petrus
540 3755 739 3843 (11703311.)
762 3757 838 3822 mihi
854 3775 917 3822 non
932 3757 1099 3840 persuasit.
1130 3758 1190 3823 Vir
1204 3758 1317 3826 doetus

181 3865 215 3930 in
238 3883 275 3931 3ο
298 3863 429 3931 offendit
463 3863 548 3947 quod
570 3861 704 3942 Plinius
728 3879 800 3929 oum
823 3880 873 3944 ep.
896 3861 933 3930 II
958 3861 997 3924 19
1021 3861 1117 3926 etium
1140 3861 1317 3944 addubitet,

181 3988 257 4035 num
291 3967 401 4034 amieis
435 3967 608 4034 orationem
642 3964 765 4046 reoitet,
796 3966 829 4030 31
851 3983 900 4047 ep.
924 3965 978 4030 ΠΙ
1004 3970 1042 4028 18
1065 3964 1217 4031 3131131113
1239 3965 1318 4031 1331·

183 4074 271 4138 13133
294 4071 484 4138 mentionem
508 4068 607 4136 faeiat
629 4069 716 4135 nulla
739 4086 818 4134 vooe
841 4067 881 4132 de
903 4066 949 4132 rei
971 4066 1115 4132 novitate
1130 4066 1250 4149 addita,
1267 4088 1318 4152 ep.

183 4176 253 4241 VH
270 4180 308 4240 17
325 4193 442 4241 morem
463 4193 553 4239 suum
570 4171 727 4239 recitandi
749 4171 877 4255 eopiosa
900 4172 933 4235 et
954 4172 1116 4253 tamquam
1138 4188 1253 4236 novum
1277 4171 1320 4238 sit

183 4278 334 4345 defendit.
380 4279 496 4344 Petrus
529 4277 628 4358 igitur
661 4275 723 4340 nisi
756 4293 806 4340 me
835 4272 918 4339 fallit
945 4272 1051 4355 opinio
1079 4273 1125 4338 ita
1147 4272 1319 4358 existimat,

183 4384 268 4449 hane
291 4382 459 4465 epistolam
482 4379 529 4464 (V
529 4381 565 4445 ΙΙ
589 4378 643 4462 17)
667 4379 818 4461 seriptum
842 4396 912 4444 osse
939 4395 1002 4460 quo
1028 4378 1320 4533 temporofflpnnius
