3228 5090
755 438 969 500 -38-

295 648 462 712 eoepero,
484 647 593 694 uereor
614 650 653 694 ue
669 650 731 692 uou
755 640 819 692 tum
845 626 991 712 proferre
1012 628 1167 691 iudicium
1200 649 1304 694 meum
1337 649 1433 713 quum

294 732 412 807 referre
436 733 577 815 pretinm
598 733 710 799 uidear
733 750 774 796 ex
795 729 846 795 bis
868 730 896 794 si
922 732 1009 795 reete
1043 729 1260 796 concludimus
1293 730 1432 795 Plinium

294 833 356 898 bae
389 833 525 915 epistola
557 834 693 914 primum
726 833 788 900 sibi
825 833 1000 916 sumpsisse
1036 833 1234 899 ssessionem
1270 833 1434 916 Augurini

294 939 444 1018 poemata
464 937 625 1018 laudandi,
648 935 849 1003 manifestum
867 939 926 1018 est,
943 955 1014 1002 eum
1029 937 1088 1002 has
1104 936 1185 1001 duas
1201 936 1354 1019 epistolas
1368 957 1435 1003 non

296 1056 337 1105 ex
360 1041 536 1122 temporum
558 1040 682 1106 ratione
705 1040 878 1106 ordinasse.
918 1039 1023 1124 Quam
1044 1039 1073 1105 si
1095 1039 1255 1120 respioere
1278 1041 1436 1107 voluisset

296 1141 462 1224 epistolam
485 1141 557 1209 libri
580 1143 655 1209 noni
678 1145 824 1209 octavam
847 1143 950 1226 quinti
972 1142 1079 1225 potius
1113 1142 1256 1224 epistolis
1290 1163 1360 1210 eum
1385 1145 1435 1210 in·

295 1249 453 1312 serturum
487 1245 587 1313 fuisse
621 1248 775 1314 crederes.
821 1247 903 1312 Nam
941 1245 1080 1336 Plinium
1117 1247 1224 1312 statim
1262 1251 1433 1332 postquam

296 1369 408 1416 versus
429 1349 500 1416 illos
523 1350 563 1416 de
586 1369 620 1416 se
643 1350 835 1434 oompositos
856 1348 1042 1431 inspexerit,
1066 1349 1167 1415 amieo
1191 1350 1311 1430 gratias
1327 1351 1435 1433 egisse

295 1452 459 1536 probabile
481 1454 518 1520 fit
540 1454 675 1536 epistola
696 1454 751 1519 IX
774 1460 813 1519 31
838 1457 925 1519 reete
948 1456 1126 1536 perspecta,
1160 1453 1215 1520 ubi
1248 1455 1288 1520 de
1322 1455 1434 1521 eadem

297 1576 395 1625 cansa
417 1557 518 1626 Sardo
541 1558 667 1624 laudem
690 1557 810 1640 pariter
832 1559 866 1624 et
887 1556 1008 1639 gratias
1031 1557 1106 1639 egit.

193 1675 225 1718 lx
240 1675 271 1718 lo
383 1660 445 1744 Ep.
468 1663 486 1726 I
509 1668 528 1725 6
551 1662 699 1745 quoniam
722 1661 846 1726 Plinius
879 1680 915 1726 se
947 1660 1152 1726 meditantem
1187 1665 1221 1728 et
1242 1661 1433 1728 scribentem

296 1771 364 1833 tres
386 1785 481 1848 apros
504 1765 627 1849 oepisse
651 1784 720 1832 oum
745 1766 858 1831 Tacito
879 1766 927 1831 ita
949 1765 1171 1847 communicat,
1199 1768 1236 1831 ut
1258 1767 1351 1832 simul
1372 1768 1437 1833 boe

296 1871 496 1953 praeclarum
519 1870 668 1937 studendi
690 1888 792 1952 genus
815 1869 845 1935 ei
872 1869 1071 1935 commendet
1097 1869 1147 1935 his
1171 1869 1277 1936 verbis
1295 1873 1435 1957 proinde

296 1997 366 2039 cum
386 1973 549 2056 venabere,
577 1973 682 2040 licebit
704 1986 830 2040 auctore
852 1997 900 2040 me
922 1985 958 2039 ut
977 1977 1150 2059 puuuruum
1173 1986 1202 2040 et
1223 1976 1434 2059 lepusculum,

296 2080 342 2142 ea'e
376 2081 471 2144 etiam
507 2079 681 2163 pupillares
718 2083 821 2156 seraa:
857 2079 1030 2162 experieris
1062 2099 1125 2142 uou
1158 2077 1300 2142 Diouem
1334 2082 1435 2164 mepia

296 2180 450 2248 montibus
473 2203 567 2266 qucum
588 2182 766 2248 Mineruam
787 2185 943 2261 inerrare,
970 2197 1035 2245 non
1057 2197 1226 2261 possumus
1248 2199 1311 2246 non
1327 2181 1436 2246 mirari

296 2284 381 2368 quod
403 2284 487 2350 idem
510 2302 559 2366 ep.
584 2284 638 2349 IX
663 2291 702 2349 10
725 2287 908 2366 praecepta,
943 2301 1026 2367 quae
1058 2283 1128 2364 ipse
1162 2283 1295 2350 dederat
1322 2284 1434 2365 amieo,

297 2407 332 2453 se
354 2387 395 2453 ab
418 2387 473 2453 illo
496 2387 661 2470 aooepisse
683 2388 792 2454 dioens
814 2388 847 2452 in
875 2388 960 2452 buno
993 2387 1119 2452 modum
1153 2386 1307 2470 loquitur:
1342 2391 1434 2473 cupio

294 2493 472 2579 praeceptio
507 2495 570 2558 tuis
602 2514 726 2578 parere.
772 2490 838 2559 seu
871 2513 1022 2578 aprorum
1049 2503 1140 2556 tauta
1161 2495 1298 2577 paureio
1321 2504 1376 2568 est,
1399 2504 1434 2556 ul

297 2595 462 2661 Mineruae
496 2608 525 2662 et
557 2595 696 2678 Βιαιιαι,
731 2618 809 2682 quoe
842 2599 899 2659 aia
929 2598 1056 2681 puriter
1077 2596 1233 2674 eoleudea,
1268 2599 1434 2662 oeuueuire

298 2722 361 2764 uoa
381 2702 489 2784 poenit.
534 2698 574 2763 ln
608 2717 671 2781 qua
704 2718 738 2763 re
772 2698 857 2781 quod
890 2698 1002 2764 mirum
1037 2701 1087 2762 est
1114 2697 1278 2763 evanescit
1300 2698 1329 2763 si
1349 2700 1435 2764 huno

298 2800 364 2868 fere
387 2820 564 2868 eonnexum
587 2801 670 2867 inter
698 2802 757 2868 bas
790 2801 871 2868 duas
905 2802 1057 2884 epistolas
1091 2803 1230 2867 statuas:
1264 2805 1433 2885 postquam

299 2905 422 2971 Plinius
445 2925 480 2971 se
502 2905 556 2971 illo
579 2905 717 2971 venandi
738 2924 855 2988 genere
877 2908 942 2971 tres
964 2922 1059 2987 apros
1082 2904 1205 2986 oepisse
1228 2905 1341 2972 Paoito
1355 2925 1435 2971 nun-

299 3009 401 3091 tiavit,
425 3007 561 3076 fortasse
583 3009 636 3075 hio
658 3009 765 3076 statim
794 3009 958 3090 resoripsit
991 3009 1168 3091 epistolam,
1204 3027 1267 3093 qua
1300 3014 1333 3075 et
1365 3010 1435 3093 ipse

299 3113 435 3181 amioum
457 3115 495 3179 ut
516 3112 643 3195 saepius
666 3113 729 3180 ista
751 3114 873 3179 ratione
896 3112 1041 3179 venando
1065 3132 1192 3194 operam
1209 3114 1300 3180 daret
1317 3114 1435 3181 talibus

299 3217 366 3285 fere
388 3216 496 3284 verbis
518 3215 705 3282 hortabatur
729 3216 885 3299 ‘quoniam
909 3214 969 3281 tibi
990 3215 1134 3298 contigit,
1158 3220 1194 3281 ut
1209 3218 1271 3283 hoe
1286 3219 1436 3284 studendi

300 3339 418 3402 genero
440 3322 506 3386 tres
529 3337 623 3402 apros
646 3319 778 3400 oeperis,
801 3319 930 3401 saepius
956 3319 990 3384 in
1024 3339 1094 3385 eum
1128 3320 1255 3386 modum
1289 3321 1434 3389 studeas:

301 3423 380 3490 illud
402 3423 529 3507 quidem
551 3425 660 3488 notum
685 3425 734 3488 est
760 3423 938 3489 Minervam
973 3427 1006 3488 ot
1039 3422 1176 3488 Dianam
1209 3424 1331 3506 pariter
1364 3444 1435 3491 esse

300 3525 470 3594 eolendas.'
516 3526 610 3611 Quod
633 3526 661 3592 si
684 3526 863 3607 statuimus
886 3526 949 3591 iam
972 3545 1035 3592 non
1058 3527 1207 3591 miramur
1229 3546 1286 3593 our
1311 3528 1435 3594 Plinius

300 3631 346 3697 ita
379 3630 578 3713 responderit
610 3635 701 3717 cupio
730 3634 909 3716 praeceptis
937 3634 1000 3696 luia
1021 3618 1144 3716 perere.
1191 3629 1256 3697 Sed
1283 3655 1434 3718 aprorum

301 3746 390 3799 tauta
409 3738 547 3820 penum
570 3746 624 3816 eat,
646 3747 683 3800 ut
705 3735 870 3801 Mineruae
904 3746 933 3800 et
965 3734 1103 3815 Dianae,
1137 3757 1216 3819 quoa
1239 3738 1287 3800 aia
1307 3737 1433 3821 puriter

300 3839 455 3920 colendae,
477 3840 642 3903 ceuueue're
665 3859 727 3903 uou
747 3841 854 3923 possit.
902 3836 974 3902 Nisi
1007 3835 1100 3902 fallor
1131 3837 1232 3904 noluit
1260 3837 1434 3904 resoribere

301 3941 389 4028 ‘quoa
411 3940 554 4006 aiebam
575 3943 699 4020 pause·
721 3936 885 4020 colendae,
913 3939 989 4023 quia
1021 3941 1083 4005 hoo
1114 3943 1287 4024 praeoepto
1321 3941 1433 4007 'Paeito

301 4043 423 4110 auotori
455 4044 532 4109 data
564 4063 601 4109 eo
635 4041 761 4109 facilius
793 4043 897 4126 ipsum
931 4043 1095 4109 eonsilium
1130 4063 1262 4110 renuere
1296 4047 1432 4126 poterat.

301 4148 400 4213 Porro
433 4147 461 4212 si
495 4146 642 4213 attendas
676 4148 877 4212 venustatem
911 4149 1008 4230 atque
1041 4145 1243 4229 suavitatem,
1278 4165 1360 4230 qnae
1393 4167 1434 4214 ex

303 4269 491 4334 unoquoque
523 4267 625 4332 paone
648 4249 802 4331 epistolae
823 4251 841 4314 I
863 4256 883 4315 6
906 4248 1003 4317 verbo
1037 4250 1150 4331 eluoot,
1185 4250 1322 4316 Plinium
1356 4251 1434 4317 illud

301 4354 428 4421 iooandi
449 4372 548 4421 eausa
570 4350 671 4419 amieo
694 4353 834 4419 suasisse
856 4352 1022 4420 ooneedas.
1069 4352 1163 4436 Quod
1191 4356 1358 4436 postquam
1381 4353 1434 4420 hio
