3228 5090
772 490 987 548 -32-

314 673 419 754 guriui
430 675 586 756 poemata,
604 673 719 756 quibus
730 673 783 738 ille
794 673 897 754 ipsum
913 670 1058 738 versibus
1073 673 1231 738 ludentem
1248 673 1442 738 laudaverat.

314 777 391 843 Alia
422 777 503 842 ratio
537 778 587 842 est
620 777 772 858 epistolae
800 776 872 857 V3,
907 795 971 859 qua
1002 776 1125 842 Plinius
1159 779 1194 841 ut
1226 794 1261 842 se
1295 775 1445 842 defendat

314 883 424 964 contra
447 899 510 960 eoa,
534 879 589 963 qui
611 879 785 971 versiculos
808 898 878 945 eum
907 878 1073 961 scripsisse
1101 881 1133 945 et
1160 879 1312 944 recitasse
1339 897 1444 960 repre·

313 984 499 1063 henderunt,
524 1002 593 1048 cum
617 983 696 1049 alias
719 1001 833 1049 causas
856 985 921 1047 tum
945 983 1057 1047 rursus
1075 1001 1144 1048 eam
1173 981 1273 1062 affert,
1308 981 1347 1046 de
1379 1001 1444 1065 qua

313 1086 345 1151 iu
368 1105 416 1167 ep.
441 1086 492 1153 IV
506 1093 545 1152 14
569 1085 666 1178 verba
688 1084 816 1152 fecerat.
854 1087 892 1150 Iu
915 1085 970 1151 illa
992 1104 1074 1169 quae
1094 1085 1213 1168 scripta
1228 1089 1303 1150 suut
1317 1085 1363 1169 (V
1375 1085 1442 1168 3,3)

313 1213 367 1256 nec
388 1213 460 1256 cero
471 1191 598 1256 moleste
611 1190 687 1275 sero
707 1192 787 1255 banc
803 1213 865 1256 esse
880 1191 919 1255 de
935 1189 1069 1256 moribus
1084 1192 1160 1256 meis
1175 1192 1443 1271 existimationem,

312 1305 347 1356 ut
386 1295 443 1379 qui
479 1296 621 1359 nesciunt
658 1296 736 1358 talia
774 1295 965 1360 doctissimos
999 1297 1197 1378 precisar'mos
1236 1295 1446 1359 sanctissimos

312 1397 447 1461 homines
473 1400 665 1481 scriptitasse
697 1420 744 1463 me
774 1396 909 1463 scribere
940 1399 1105 1476 mirentur,
1141 1413 1212 1462 cum
1245 1396 1339 1477 plane
1372 1413 1444 1461 cum

312 1497 374 1562 illis
397 1499 579 1581 conspirent
601 1518 682 1582 quae
704 1499 737 1565 iu
753 1519 802 1582 ep.
820 1500 954 1580 lV14,4
977 1499 1126 1581 leguntur
1145 1522 1186 1565 eu
1205 1497 1319 1584 quibus
1341 1510 1444 1564 taum

312 1605 341 1665 si
362 1626 424 1667 nou
446 1604 536 1667 nulla
560 1602 618 1668 ribi
636 1605 851 1688 petulantiora
881 1604 978 1689 paulo
1010 1602 1208 1683 mutabuntur,
1244 1605 1304 1668 erit
1336 1603 1444 1667 eradi-

313 1708 407 1770 tr'om‘s
420 1717 502 1772 tuae
525 1708 661 1791 copulare
680 1727 812 1771 eurnmos
827 1707 898 1771 illos
913 1717 942 1772 et
961 1708 1162 1790 pravissimos
1176 1709 1270 1787 ciros,
1293 1708 1350 1790 qui
1364 1706 1445 1769 talia

311 1812 515 1894 ecru'pserunt,
537 1833 600 1874 non
623 1811 711 1875 modo
735 1811 866 1874 lascivia
888 1831 1004 1888 rerum,
1037 1811 1093 1876 sed
1119 1833 1158 1876 ne
1184 1809 1284 1875 uerbis
1317 1810 1444 1894 quidem

312 1913 407 1975 nudis
428 1911 623 1993 abstinuisse,
647 1912 815 1978 statuimus
837 1911 975 1977 Plinium
998 1914 1031 1977 et
1053 1930 1102 1993 ep.
1125 1912 1175 1976 IV
1190 1917 1229 1975 14
1252 1914 1285 1977 et
1307 1929 1356 1992 ep.
1377 1910 1442 1975 Vs

312 2015 436 2079 eosdem
460 2032 571 2080 versus
594 2015 876 2099 hendecasyllabos
903 2015 936 2082 iu
962 2018 1069 2082 mente
1095 2015 1254 2082 habuisse.
1299 2014 1445 2099 Quodsi

311 2117 504 2183 attendimus
526 2137 628 2201 neque
650 2119 841 2201 negligimus
864 2138 946 2203 quae
969 2139 1017 2203 ep.
1041 2121 1125 2186 Vlo
1149 2118 1300 2188 Suetonio
1323 2117 1444 2201 scripta

311 2222 386 2285 sunt
419 2221 517 2288 libera
552 2225 679 2289 tandem
715 2224 1044 2304 hendecasyllaborum
1076 2243 1214 2290 meorum
1243 2223 1352 2308 fidem,
1387 2226 1444 2308 qui

310 2327 428 2408 scripta
455 2336 511 2388 tua
544 2326 754 2392 eonrmum'bus
787 2330 896 2392 amicis
928 2330 1171 2414 spoponderunt,
1204 2326 1258 2394 illo
1291 2325 1443 2407 temporis

311 2427 414 2509 spatio
437 2428 521 2511 quod
543 2428 626 2495 iuter
647 2429 760 2495 librum
784 2433 929 2514 quartum
953 2432 986 2497 et
1007 2429 1151 2514 quintum
1177 2429 1356 2510 intercedit,
1383 2430 1443 2494 hoc

311 2535 360 2596 est
374 2531 402 2596 si
417 2531 647 2599 Mommsenum
663 2534 824 2618 sequimur
839 2534 930 2600 annis
947 2540 1125 2616 tea—105,
1143 2534 1266 2599 Plinius
1280 2533 1442 2615 putandus

309 2637 358 2700 est
379 2635 662 2719 hendecasyllabos
686 2637 831 2704 edidisse.
877 2639 945 2703 Iam
970 2657 1019 2720 ep.
1043 2638 1144 2702 VIM
1167 2637 1271 2703 Plinio
1299 2639 1348 2702 est
1371 2655 1440 2702 cum

309 2739 423 2805 Pontio
446 2740 557 2821 amico,
581 2741 635 2824 qui
657 2741 814 2807 hominem
837 2760 982 2808 severum
1004 2739 1288 2824 hendecasyllabos
1304 2739 1441 2806 scribere

308 2862 373 2909 rem
397 2863 467 2909 esse
489 2844 732 2927 vituperabilem
754 2846 889 2928 putavit
928 2846 1023 2911 Pales
1045 2847 1133 2910 lusus
1153 2847 1189 2910 ut
1204 2846 1345 2926 excuset,
1370 2863 1440 2909 cum

308 2966 477 3030 numquam
501 2967 536 3013 se
558 2967 577 3013 a
599 2948 723 3030 poetice
746 2949 882 3014 alienum
910 2947 1008 3014 luisse
1035 2948 1130 3029 dicat,
1164 2946 1441 3030 hendecasyllabis

307 3069 391 3116 nunc
413 3050 548 3132 primum
571 3071 606 3116 se
629 3055 794 3134 expertum
810 3072 880 3118 esse
894 3052 1018 3118 Plinius
1033 3052 1131 3118 addit.
1170 3054 1209 3117 In
1225 3050 1339 3134 quibus
1355 3055 1441 3116 recte

307 3153 418 3234 opinor
434 3155 549 3219 Petrus
565 3159 785 3235 argumentum
808 3155 913 3221 inesse
936 3155 1058 3236 statuit,
1081 3174 1143 3239 quo
1165 3156 1249 3220 hanc
1272 3155 1439 3237 epistolam

308 3256 434 3344 (VIM)
461 3258 566 3340 priore
599 3279 682 3325 anuo
716 3279 808 3343 quam
833 3279 861 3326 a.
887 3267 947 3326 107
984 3259 1036 3343 (ci.
1060 3257 1303 3342 Mommsenum)
1338 3263 1438 3324 ortam

307 3379 377 3425 esse
400 3362 573 3428 evincatur.
619 3360 840 3446 (luivcpiuioni
869 3361 957 3428 lavet
984 3363 1044 3428 hoo
1077 3363 1160 3446 quod
1194 3361 1344 3428 credibile
1378 3381 1439 3427 uon

307 3467 365 3544 est,
401 3465 547 3530 Pontium
577 3485 605 3532 a.
633 3467 757 3532 demum
789 3472 848 3532 107
883 3466 999 3548 legisse
1026 3466 1121 3531 Plinii
1155 3464 1438 3548 hendecasyllabos

305 3567 368 3632 iam
392 3568 483 3632 annis
509 3575 676 3635 102-105
704 3570 815 3636 editos,
861 3571 915 3634 Ao
948 3569 975 3634 si
1009 3573 1192 3651 reputamus
1226 3588 1275 3651 ep.
1299 3569 1363 3633 Vs
1386 3567 1441 3648 agi

306 3670 346 3734 de
369 3671 582 3751 compluribus
605 3672 792 3753 homiuibus
827 3672 881 3755 qui
910 3672 1169 3754 reprehenderint
1201 3672 1256 3738 illa
1290 3671 1438 3751 carmina,

305 3774 388 3838 hauc
422 3773 586 3854 epistolam
609 3772 748 3860 (Vlla),
784 3795 847 3858 qua
880 3776 920 3841 de
953 3794 1014 3841 uno
1038 3776 1152 3841 Pontio
1185 3775 1322 3840 Plinium
1357 3774 1439 3839 vitu·

304 3879 437 3958 perante
464 3895 565 3942 sermo
594 3880 651 3958 est,
680 3879 789 3944 eodem
818 3878 883 3944 fere
910 3881 1052 3960 tempore
1079 3897 1148 3945 cum
1179 3897 1228 3960 ep.
1251 3879 1314 3944 V3
1338 3880 1437 3943 ortam

305 3998 375 4045 esse
398 3979 606 4046 censebimus.

177 4097 233 4142 vm
247 4097 279 4140 21.
392 4085 431 4148 Iu
465 4102 502 4148 eo
536 4085 640 4148 autem
676 4083 827 4149 dissentio
849 4067 881 4150 a
908 4084 1013 4165 Petro,
1048 4084 1132 4170 quod
1167 4083 1331 4166 epistolam
1366 4082 1438 4150 libri

283 4211 284 4214 ¹
306 4187 412 4252 octavi
434 4186 617 4252 vicesimam
634 4186 775 4267 primam,
793 4205 856 4268 qua
871 4185 994 4252 Plinius
1010 4187 1181 4253 carminum
1198 4187 1322 4269 librum,
1345 4206 1438 4270 quem

305 4289 394 4355 brevi
423 4309 458 4354 se
480 4289 620 4355 Arriano
648 4289 814 4354 missurum
849 4309 920 4355 esse
952 4290 1126 4373 profitetur,
1162 4305 1311 4358 musteum
1333 4291 1365 4357 id
1389 4294 1438 4357 est

307 4393 412 4458 ‘modo
434 4392 557 4457 uatum'
574 4392 758 4474 appellavit,
782 4391 995 4474 compluribus
1010 4393 1101 4460 annis
1117 4397 1191 4460 ante
1206 4414 1234 4462 a.
1253 4401 1314 4461 108
1330 4397 1437 4461 natam
