3228 5090
799 471 991 529 -4-

415 652 572 718 Tenemus
609 651 708 734 igitur
744 652 893 719 indicium
932 672 994 736 quo
1026 652 1123 718 libros
1157 655 1270 720 I-VI
1305 653 1465 719 enotuisse

327 755 490 838 probatur,
519 758 688 839 autequam
715 757 869 838 septimus
896 756 976 822 liber
996 757 1048 822 vel
1070 774 1184 839 corpus
1211 757 1361 823 librorum
1388 756 1463 835 VlI,

329 860 425 939 VIII,
443 860 501 948 ,LX
522 859 555 924 in
577 860 679 926 lucem
702 860 863 942 prodierit.

414 962 503 1027 Idem
527 963 611 1044 quod
634 963 673 1028 de
696 962 784 1028 libris
807 964 886 1043 VII,
914 963 1007 1044 VIII,
1030 964 1084 1028 IX
1107 982 1169 1028 uno
1195 961 1348 1029 fasciculo
1372 962 1465 1028 editis

329 1065 521 1149 disputando
544 1064 644 1147 effeci,
669 1066 708 1131 de
731 1066 832 1131 tribus
854 1066 1011 1149 prioribus
1034 1066 1123 1132 libris
1140 1065 1324 1132 Asbachius
1347 1063 1391 1151 (p.
1408 1069 1463 1147 49)

329 1169 450 1235 statuit.
490 1166 554 1233 Sed
576 1169 637 1234 hoe
659 1188 699 1234 ne
721 1168 872 1251 probetur
887 1169 1073 1234 dissuadent
1096 1189 1133 1235 ea
1155 1188 1237 1252 quae
1260 1188 1301 1235 ex
1323 1169 1465 1251 epistolis

328 1271 517 1355 quibusdam
546 1271 619 1337 libri
645 1273 709 1338 III.
739 1275 771 1337 et
797 1273 858 1337 IV.
887 1273 1087 1354 colliguntur.
1133 1271 1212 1339 Cum
1237 1273 1319 1338 enim
1342 1272 1464 1337 Plinius

328 1394 376 1457 ep.
400 1376 455 1441 HI
470 1380 511 1439 20
535 1376 575 1439 ad
591 1376 743 1440 Messium
760 1376 934 1441 Maximum
958 1377 997 1441 de
1016 1377 1124 1442 tacitis
1147 1375 1307 1458 suffragiis
1330 1376 1407 1442 data
1430 1395 1464 1440 se

327 1479 431 1543 vereri
453 1481 582 1561 scribet,
607 1482 661 1545 ‘ne
683 1480 874 1561 procedente
901 1481 1042 1562 tempore
1065 1499 1107 1545 ex
1132 1479 1201 1561 ipso
1225 1479 1364 1545 remedio
1387 1479 1465 1544 vitia

329 1586 520 1667 nascantur,
546 1584 711 1667 eidemque
727 1584 828 1650 amico
844 1583 1008 1666 epistolam
1025 1584 1076 1649 IV
1092 1590 1133 1650 25
1151 1585 1277 1649 missam
1293 1583 1343 1648 his
1359 1581 1464 1648 verbis

328 1686 461 1769 incipiat
482 1693 669 1774 scripseram
693 1688 752 1752 tibi
772 1689 941 1752 verendum
965 1710 1027 1754 esse
1049 1712 1088 1754 ne
1111 1711 1148 1754 ea
1177 1691 1282 1752 tacitis
1305 1689 1464 1774 suffrcpe'is

328 1793 438 1855 citiam
461 1793 593 1877 aliquod
615 1795 785 1870 exsisteret,
819 1790 875 1854 vix
903 1789 1053 1855 credibile
1076 1793 1133 1871 est,
1162 1789 1259 1855 libros
1281 1791 1336 1856 ΠΙ
1359 1791 1392 1854 61
1413 1790 1464 1854 IV

329 1893 462 1958 dirersis
485 1894 679 1976 temporibus
707 1893 792 1959 foras
816 1894 907 1959 datos
934 1912 1013 1958 esse.
1059 1894 1186 1959 Etenim
1210 1893 1356 1976 quotiens
1383 1894 1464 1958 duae

328 1996 442 2078 quibus
465 1997 548 2062 idem
572 2000 790 2079 argumentum
815 1999 972 2062 tractatur
994 1998 1148 2079 epistolae
1171 1996 1261 2062 nobis
1284 1998 1462 2075 occurrunt,

327 2099 579 2165 animadvertere
611 2101 687 2165 lieet
720 2119 774 2165 eas
811 2118 911 2181 parvo
944 2102 1067 2165 tantum
1107 2100 1275 2166 intervallo
1308 2100 1392 2165 inter
1429 2103 1489 2164 se‘

328 2203 482 2268 discretas
516 2221 595 2268 esse.
640 2203 745 2269 Velim
780 2201 924 2268 conferas
959 2221 1035 2284 epp:
1068 2203 1103 2268 II
1121 2209 1175 2279 11;
1211 2209 1251 2269 12
1287 2201 1340 2287 ((16
1368 2221 1464 2268 eausa

328 2305 453 2389 Prisci),
479 2306 562 2382 V4;
588 2312 627 2371 13
651 2305 703 2389 (de
726 2305 866 2371 Tuscilio
881 2305 1051 2371 Nominato
1074 2305 1266 2371 aVicetinis
1289 2301 1462 2388 accusato),

329 2411 360 2474 'V
373 2416 423 2476 20.
438 2411 488 2474 VI
502 2416 535 2486 5;
554 2415 592 2474 13
609 2405 662 2493 ((16
677 2409 866 2490 proconsule
881 2409 1010 2474 Vareno
1025 2406 1110 2474 Rufo
1128 2428 1147 2474 6
1162 2409 1312 2491 Bithynis
1335 2407 1462 2493 delato),

328 2513 377 2577 VI
395 2519 448 2589 163
473 2520 514 2578 20
538 2511 591 2598 ((16
614 2512 761 2578 avunculi
784 2513 872 2578 exitu
896 2514 928 2578 et
949 2514 1085 2577 tremore
1107 2513 1211 2578 terrae
1233 2513 1266 2577 in
1289 2510 1464 2594 Campania

328 2614 435 2701 facto),
471 2616 589 2692 V1173
618 2621 653 2692 8;
685 2622 724 2681 15
758 2614 811 2699 ((16
845 2616 948 2680 Prisci
981 2618 1013 2680 et
1040 2614 1204 2681 Saturnini
1234 2613 1462 2699 contubernio),

330 2721 396 2785 VH
412 2725 463 2786 29.
476 2720 565 2785 VIH
581 2725 599 2782 6
617 2719 673 2797 ((16
688 2718 893 2800 inscriptione
909 2715 1462 2803 Ρ6116611616666166611),1ἸΙ[10;
1595 2789 1596 2794 1

330 2832 366 2889 11
393 2824 446 2906 ((16
469 2823 581 2889 abortu
605 2819 820 2907 Calpurniae),
848 2823 900 2889 IX
916 2829 972 2898 213
996 2819 1249 2906 24((1611116116
1273 2820 1463 2904 Sabiniani),

327 2927 382 2992 IX
397 2933 453 3001 36;
481 2933 522 2991 40
551 2927 603 3004 ((16
626 2926 730 2991 Plinio
758 2925 790 2990 in
818 2925 932 2991 Tuscis
955 2928 1109 2991 aestatem
1137 2928 1170 2990 61
1192 2925 1224 2991 16
1246 2925 1463 2992 Laurentiano

327 3032 459 3096 hiemem
499 3028 673 3114 exigente):
712 3029 899 3112 quibuscum
938 3029 1080 3110 epistolis
1117 3031 1252 3111 possunt
1288 3029 1464 3112 comparari
1594 3031 1595 3071 l

330 3153 407 3216 epp:
441 3133 526 3199 Ivs
563 3133 656 3197 Attio
679 3131 835 3197 Clementi
869 3137 902 3197 et
934 3133 1019 3196 IV?
1055 3130 1148 3198 Catio
1170 3133 1294 3214 Lepido
1322 3133 1397 3199 data
1423 3134 1463 3198 de
1593 3173 1594 3204 ,

327 3238 416 3302 luctu
437 3236 568 3317 Reguli3
591 3236 677 3300 Vlc
701 3235 856 3300 Fundano
880 3237 912 3299 et
934 3236 1019 3299 vlo
1043 3235 1155 3301 Tacito
1178 3237 1298 3318 scripta
1327 3238 1366 3303 de
1389 3237 1463 3303 lulii

327 3341 464 3405 Nasonis
487 3339 673 3414 candidatu;
697 3338 767 3404 VII
785 3345 823 3405 11
847 3337 970 3404 Fabato
993 3339 1167 3404 etVll14
1191 3338 1346 3406 Corelliae
1367 3341 1463 3406 missa

326 3445 365 3509 de
403 3442 602 3508 hereditariis
633 3441 719 3523 agris
757 3442 805 3506 illi
835 3440 971 3507 feminae
1003 3441 1127 3508 oblatis.
1174 3441 1296 3526 Quodsi
1329 3443 1461 3524 Plinius,

327 3548 365 3612 de
389 3566 451 3629 qna
474 3566 508 3612 re
531 3547 651 3628 ambigi
672 3565 734 3611 non
756 3548 873 3628 potest,
897 3545 1040 3627 epistolis
1063 3546 1110 3611 sic
1132 3547 1314 3613 ordinandis
1342 3547 1373 3612 id
1397 3548 1464 3628 egit

327 3654 361 3715 ut
383 3650 563 3731 lectoribus,
588 3670 658 3715 cum
682 3650 721 3715 ad
745 3649 950 3732 posteriorem
974 3650 1140 3732 epistolam
1156 3651 1352 3730 accederent,
1376 3650 1463 3732 prior

326 3754 394 3818 loco
418 3771 480 3818 non
502 3754 595 3818 nimis
619 3754 658 3819 ab
682 3754 783 3819 altera
805 3756 925 3819 remota
948 3754 1053 3843 adhuc
1074 3753 1107 3818 iu
1128 3753 1285 3818 mentibus
1305 3754 1459 3834 haereret,

326 3875 387 3921 non
422 3856 571 3921 credibile
604 3859 653 3922 661
686 3876 757 3922 eum
790 3857 862 3923 illas
890 3857 1040 3939 epistolas
1075 3875 1157 3939 quae
1190 3858 1264 3921 sunt
1292 3857 1331 3922 de
1354 3857 1460 3923 tacitis

325 3959 485 4042 suffragiis
507 3961 553 4026 116
574 3962 643 4026 1666
667 3961 895 4026 disiuncturum
920 3959 1027 4042 fuisse,
1051 3962 1087 4025 ut
1109 3962 1240 4025 alteram
1256 3959 1336 4026 libro
1356 3960 1458 4040 tertio,

325 4067 455 4130 alteram
491 4068 603 4147 quarto
636 4065 798 4145 insereret,
833 4064 860 4130 si
887 4083 921 4130 re
944 4083 1020 4130 vera
1046 4066 1104 4130 hos
1132 4063 1228 4129 libros
1253 4063 1320 4147 (ΙΠ
1343 4067 1375 4130 61
1396 4063 1460 4150 IV)

328 4169 425 4234 variis
447 4168 641 4251 temporibus
663 4167 867 4251 publicasset.

409 4273 515 4355 Atqui
552 4271 684 4338 forsitan
722 4275 852 4338 haereat
888 4272 1004 4354 aliquis
1045 4273 1077 4337 in
1115 4292 1152 4338 66
1186 4273 1271 4355 quod
1308 4272 1461 4355 epistolae

325 4377 394 4440 VII
410 4382 444 4451 6;
471 4381 519 4453 10,
544 4394 733 4460 quamquam
757 4376 797 4440 sd
824 4377 957 4440 eundem
981 4376 1142 4440 Varenum
1167 4379 1315 4457 spectent
1337 4377 1376 4440 de
1399 4395 1461 4458 quo
