3228 5090
629 459 844 521 ..11-

165 644 317 720 dalaima
350 663 400 726 ep.
429 644 465 708 ΙΙ
480 649 532 725 9,4
565 667 640 709 uam
671 656 763 730 pater
796 646 826 710 ai
858 643 997 710 Erucius
1034 642 1147 708 Clarus
1171 692 1178 706 .
1204 693 1210 706 .
1236 691 1243 706 .
1266 645 1302 705 ia

166 748 298 830 operariis
313 750 414 832 quaeis
430 751 628 832 eaeroitotaa,
651 771 729 834 qaue
743 770 864 812 anamma
879 749 975 826 fide,
997 749 1073 833 pari
1086 746 1303 811 coaetoatt'a

165 873 222 915 aaa
242 852 433 916 uerecundia
454 854 574 917 minore
597 851 748 928 defendit.
784 849 835 914 De
857 849 919 914 fide
938 848 1007 914 sola
1029 848 1075 914 ait
1097 867 1145 929 ep.
1162 847 1213 912 VI
1230 830 1302 927 1t‚3

165 954 300 1036 proinde
322 952 486 1017 Firmanis
521 955 582 1018 tatis
609 976 645 1017 ac
678 955 743 1018 iam
769 957 875 1040 petiae
908 954 1024 1017 nostris
1052 951 1154 1036 oblipu
1187 946 1303 1028 stata

166 1077 281 1131 πιθανῆς
304 1071 352 1136 ep.
376 1055 431 1122 ΙΙΙ
446 1061 499 1136 4,4
522 1058 619 1141 lopati
639 1079 749 1121 rursus
771 1058 898 1120 inducti
918 1058 1033 1122 iterata
1053 1078 1101 1121 aaa
1122 1057 1187 1118 iana
1205 1063 1303 1139 prue-
1357 1046 1367 1073 ”

165 1169 281 1223 aratam
314 1160 498 1224 advocatum
530 1161 778 1244 postulaverant,
812 1161 1018 1245 implorantes
1051 1157 1167 1235 fictam
1195 1174 1302 1222 menta.

167 1259 260 1344 Quae
281 1259 310 1325 si
332 1261 403 1343 quis
426 1261 604 1342 contulerit,
627 1261 785 1344 intelliget
807 1281 847 1327 ue
869 1262 931 1328 boc
950 1260 1076 1344 quidem
1092 1259 1218 1326 nomine
1233 1271 1304 1326 esse

167 1364 399 1445 quodep.17
434 1365 602 1446 posteriori
635 1365 735 1431 aetati
768 1365 958 1447 assignetur.
1003 1366 1119 1446 Itaque
1149 1362 1210 1428 uisi
1232 1362 1304 1446 quis

167 1467 345 1548 argntaudo
379 1469 476 1534 malet
509 1468 674 1550 seripturis
708 1473 844 1535 mentem
878 1469 911 1533 iu
944 1469 1080 1534 alienam
1113 1469 1304 1532 senteutitm

166 1571 365 1654 detorquere,
400 1570 540 1638 fateatur
562 1575 696 1654 oportet,
732 1572 899 1654 epistolam
922 1572 995 1638 libri
1020 1571 1114 1654 primi
1135 1571 1303 1653 septimum

165 1693 223 1740 suo
257 1674 326 1741 loeo
359 1675 495 1757 positam
528 1695 632 1759 neque
665 1678 739 1757 post
772 1695 821 1758 ep.
856 1676 946 1740 1114
975 1676 994 1742 i.
1019 1695 1046 1742 e.
1076 1678 1150 1757 post
1181 1693 1212 1740 a.
1242 1679 1303 1742 199

166 1778 370 1845 reiicieudam
393 1797 472 1845 esse.
1300 1785 1302 1790 ’

253 1881 365 1965 Neque
387 1882 420 1947 in
442 1902 481 1948 ea
503 1902 537 1948 re
560 1901 631 1948 cum
646 1882 811 1949 Asbachio
828 1881 933 1949 faeere
948 1901 1077 1964 possum
1093 1882 1178 1965 quod
1193 1882 1303 1948 eodem
1329 1901 1387 1946 110.

166 1988 236 2052 loco
259 1986 476 2052 demonstrare
504 1990 637 2053 conatur
659 1987 825 2068 epistolam
853 1987 926 2052 libri
947 1987 1041 2069 primi
1063 1987 1218 2052 decimam
1241 2005 1304 2052 nou

168 2092 204 2154 ut
226 2090 442 2156 Mommseuus
474 2090 576 2155 voluit
598 2109 626 2156 a.
651 2097 690 2154 97
719 2092 776 2156 sed
799 2110 827 2157 a.
852 2097 892 2155 98
926 2091 1078 2171 scriptam
1105 2109 1185 2155 esse.
1231 2089 1305 2174 Qua

168 2193 304 2275 epistola
326 2211 397 2258 oum
419 2193 543 2258 Plinius
566 2193 627 2259 sibi
648 2213 712 2259 non
735 2195 831 2260 licere
846 2213 918 2260 cum
933 2194 1100 2276 Euphrate
1115 2194 1304 2276 philosopho

168 2296 237 2362 dies
269 2298 353 2362 totos
383 2296 539 2362 audiendo
573 2297 771 2381 dicendoque
798 2316 983 2363 consumere
1005 2298 1038 2363 in
1065 2299 1150 2362 bunc
1177 2297 1304 2362 modum

169 2404 320 2484 queretur
343 2397 377 2485 (ξ
400 2398 434 2486 9)
468 2424 658 2488 quamquam
682 2404 761 2487 qaid
783 2425 837 2488 epo
854 2404 953 2488 ‘plura
977 2403 1016 2468 de
1037 2404 1116 2482 uiro,
1145 2423 1206 2486 quo
1227 2401 1305 2464 miti

168 2507 238 2583 [rai
270 2527 332 2570 aaa
359 2505 452 2570 licet?
486 2529 528 2570 aaa
555 2518 592 2570 ot
623 2510 723 2593 mepte
746 2530 845 2592 uapor
873 2508 958 2592 qaod
984 2529 1047 2571 aaa
1077 2505 1174 2570 lieet?
1212 2502 1305 2568 Num

168 2609 342 2693 dietatapor
357 2608 461 2694 officio
473 2621 508 2673 ot
518 2612 656 2674 mammo
667 2614 712 2674 eie
722 2612 954 2677 molestieeimo:
967 2610 1059 2675 tadeo
1068 2631 1127 2694 pro
1141 2607 1303 2683 tribunati,

168 2710 296 2777 etabnoto
324 2711 451 2791 libellos,
473 2713 612 2796 *eonfiat
642 2713 773 2796 tabulae,
806 2713 906 2778 acribo
930 2715 1087 2799 plaara'moe
1110 2713 1165 2778 aad
1185 2713 1304 2777 inlitte-

169 2818 344 2880 retinemus
378 2818 518 2882 litterae.-
551 2819 689 2903 officiam
723 2818 807 2901 quod
842 2817 920 2882 dicit
942 2814 1128 2886 Asbacbius
1151 2815 1191 2881 ad
1204 2825 1304 2896 ,prte-

168 2920 324 2987 feoturam
362 2919 476 2985 cerani
509 2919 640 2986 Saturni
675 2919 875 2986 referendum
909 2919 1042 3001 censuit,
1081 2937 1143 3002 quo
1176 2935 1305 2984 munere

168 3023 293 3090 Plinius
316 3023 389 3088 inde
412 3022 452 3090 ab
476 3043 504 3090 a.
529 3031 569 3089 99
592 3043 694 3108 usque
716 3024 757 3090 ad
780 3043 807 3090 a.
834 3031 893 3088 101
912 3023 1041 3089 limatus
1065 3025 1123 3103 est,
1146 3022 1243 3105 idque
1265 3019 1305 3087 ob

169 3147 239 3194 eam
262 3146 390 3194 causam
412 3128 481 3194 veri
503 3129 605 3194 simile
628 3147 698 3194 esse
720 3127 848 3210 putavit
870 3127 945 3211 quia
960 3127 1083 3192 Plinius
1106 3125 1182 3192 alibi
1203 3137 1306 3207 paene

168 3232 281 3298 iisdem
315 3230 421 3297 verbis
447 3230 542 3299 buius
576 3230 672 3298 officii
705 3231 894 3297 mentionem
917 3229 1038 3312 fecerit,
1073 3231 1162 3296 velut
1183 3230 1304 3310 Paneg.

169 3354 197 3403 u.
221 3339 260 3400 91
283 3337 425 3401 nondam
447 3335 607 3401 manniam
622 3338 883 3421 compleueramas
897 3338 933 3400 ia
948 3336 1050 3421 officio
1066 3334 1305 3399 laborioeisaa'mo

169 3453 198 3508 et
220 3442 366 3520 monimo,
389 3462 458 3504 eom
480 3451 515 3504 ta
536 3439 625 3505 nobis
648 3491 655 3505 .
679 3489 687 3503 .
712 3489 719 3506 .
744 3442 938 3505 consolatam
954 3438 1103 3504 obtulisti.
1149 3440 1306 3503 Attamen

169 3562 240 3610 cum
255 3542 379 3608 Plinius
401 3562 464 3609 non
479 3544 580 3609 solum
595 3542 828 3626 praefecturam
845 3541 959 3609 aerarii
974 3540 1114 3622 Summi,
1137 3541 1194 3606 sed
1210 3539 1305 3606 etiam

169 3645 402 3730 praefecturam
430 3646 545 3712 aerarii
572 3645 716 3712 militaris
746 3650 778 3711 et
803 3647 887 3712 bauo
910 3644 1036 3728 quidem
1064 3645 1155 3710 annis
1179 3649 1304 3709 95-97

171 3747 352 3830 obtinuerit,
387 3749 465 3815 nihil
491 3749 623 3832 impedit
656 3750 823 3833 quominus
857 3750 916 3816 hoc
949 3747 1087 3816 officium
1115 3749 1221 3814 verbis
1243 3743 1305 3813 illi·

171 3853 356 3936 significari·
378 3853 608 3920 existimemus:
643 3854 739 3936 idque
771 3851 987 3919 Mommseuus
1020 3854 1064 3936 (p.
1093 3853 1149 3936 37)
1182 3852 1303 3918 statuit.

171 3958 271 4024 Porro
294 3958 378 4042 quod
394 3957 578 4023 Asbacbius
600 3960 694 4039 putat
708 3956 776 4023 eius
792 3957 877 4022 modi
892 3957 989 4022 Plinii
1008 3958 1165 4040 querellas
1181 3955 1305 4022 facilius

170 4061 307 4142 intelligi
321 4077 405 4127 novo
420 4079 549 4126 munere
561 4063 720 4142 suscepto,
737 4063 830 4125 erunt
841 4061 896 4143 qui
908 4061 1097 4126 contrarium
1110 4059 1305 4142 probabilius

171 4183 242 4231 esse
265 4163 434 4230 fateantur.
469 4166 583 4248 Itaque
598 4165 794 4231 Mommseno
810 4164 1026 4229 adsentientes
1042 4165 1124 4229 bauo
1139 4162 1305 4245 epistolam

171 4287 200 4335 a.
224 4274 264 4335 97
289 4270 390 4334 ortam
413 4286 483 4333 esse
505 4267 714 4348 censebimus
737 4286 799 4351 quo
823 4286 907 4334 anuo
931 4267 1052 4333 Plinius
1075 4266 1136 4332 iam
1160 4263 1218 4349 per
1239 4270 1306 4340 tres

173 4389 272 4438 annos
293 4373 355 4437 hoc
376 4390 505 4436 munere
527 4370 656 4436 iunctus
679 4373 736 4436 est.
