3228 5090
803 485 996 542 „2-

331 667 491 750 proposui,
519 671 555 733 ut
577 687 632 733 eas
655 667 791 749 scriptas
819 685 889 732 esse
910 667 1077 749 probarem
1100 687 1163 733 uon
1186 687 1223 732 eo
1246 687 1328 733 anno
1352 668 1403 732 eui
1426 686 1466 732 ex

331 768 380 833 sui
412 768 485 834 libri
518 772 660 852 tempore
686 775 793 836 essent
820 769 1050 836 attribuendae.
1108 769 1328 854 Quoniamque
1356 770 1464 835 eodem

330 872 461 939 oonsilio
495 874 571 940 moti
597 875 714 940 Petrus
741 885 774 939 et
800 873 987 940 Asbaohius
1021 873 1172 956 epistolas
1202 875 1389 954 tractarunt,
1424 873 1465 938 ad

331 993 437 1061 eurum
460 980 648 1058 argumenta
675 995 732 1043 suo
755 978 824 1042 loeo
851 979 1032 1043 recurratur
1053 995 1185 1042 neeesse
1208 977 1276 1042 em't.
1322 975 1387 1042 Sed
1409 976 1465 1057 illi,

331 1079 392 1145 etsi
428 1081 587 1147 nonnullis
622 1081 701 1147 loeis
738 1082 824 1146 reete
862 1079 1021 1146 iudicasse
1058 1080 1267 1163 reperiuntur,
1310 1080 1343 1146 id
1380 1080 1465 1163 quod

331 1182 546 1265 disputatione
573 1203 667 1267 quam
693 1185 878 1266 incepturus
906 1203 975 1249 sum
999 1184 1173 1265 evinoetur¹
1207 1187 1314 1250 tamen
1337 1183 1465 1266 saepius

329 1290 482 1367 errarunt,
507 1307 577 1354 oum
601 1288 762 1373 epistolas,
786 1307 868 1371 quae
891 1307 948 1354 suo
970 1288 1040 1354 loeo
1063 1288 1187 1370 positae
1203 1292 1287 1367 sunt,
1310 1292 1466 1368 negarent

328 1387 478 1457 librorum
505 1407 630 1458 suorum
665 1391 807 1457 terminis
834 1392 1072 1484 aMummseno
1101 1391 1347 1473 eiroumsoriptis
1370 1409 1465 1473 posse

330 1489 495 1561 riudiesri.
543 1494 607 1578 Qui
630 1512 717 1561 error
739 1497 776 1560 ut
797 1495 899 1576 magis
922 1497 1077 1578 appareat
1099 1513 1154 1560 eas
1173 1513 1298 1578 quoqne
1314 1493 1465 1576 epistolas

327 1597 423 1679 paulo
445 1595 629 1679 diligentius
652 1597 851 1663 examinasse
873 1614 935 1663 non
958 1596 1091 1679 pigebit.

414 1715 483 1782 Iam
494 1719 531 1784 ut
546 1717 587 1782 ad
598 1717 700 1799 ipsam
712 1736 778 1782 rem
790 1717 950 1797 aueedam,
967 1717 1113 1800 quoniam
1126 1718 1225 1783 totius
1241 1718 1465 1800 disputationis

328 1818 569 1888 fundamentum
592 1837 633 1885 ex
654 1819 693 1885 iis
715 1819 783 1902 peti
810 1837 905 1901 posse
928 1819 1057 1886 videtur
1082 1839 1164 1903 quae
1187 1821 1310 1886 Plinius
1331 1821 1402 1903 ipse
1423 1822 1464 1888 de

328 1923 459 1990 oonsilio
482 1923 652 2005 oolligendi
678 1925 775 2006 atque
798 1923 913 1989 edendi
940 1923 1092 2006 epistolas
1118 1922 1281 2006 professus
1303 1927 1362 2006 est,
1391 1924 1465 1990 inde

327 2025 450 2096 initium
474 2029 591 2111 agendi
613 2026 737 2095 faciam.
774 2029 813 2092 lu
836 2029 939 2110 prima
961 2028 1059 2109 igitur
1082 2029 1217 2110 epistola
1232 2029 1272 2093 ad
1289 2027 1464 2110 Septicium

327 2129 403 2199 data
426 2135 459 2198 et
481 2131 573 2216 quasi
594 2131 746 2215 prooemii
767 2132 838 2198 loeo
857 2132 1062 2213 epistolarum
1086 2132 1209 2214 eorpori
1225 2132 1368 2214 praefixa
1381 2133 1464 2198 haee

327 2227 453 2302 Plinius
475 2231 601 2302 surlbit:

553 2373 752 2462 Frequenter
773 2377 916 2441 deodatus
939 2397 969 2441 es
991 2386 1026 2440 ut
1047 2373 1204 2460 epistolas,
1227 2376 1255 2437 si
1270 2395 1347 2459 quas
1368 2375 1465 2460 paulo

484 2481 625 2544 curarim
639 2479 843 2566 scripsissem,
867 2479 1042 2564 ooliiperem
1055 2475 1317 2563 publicaremque.
1351 2475 1467 2562 Collepi

483 2604 546 2647 non
572 2594 693 2648 seruato
728 2584 874 2668 temporis
908 2583 1019 2648 ordine
1052 2582 1167 2667 (neque
1193 2581 1276 2647 enim
1302 2581 1465 2662 historiam

363 2729 365 2735 ,
482 2683 725 2771 componebam),
766 2686 822 2752 sed
857 2697 894 2752 ut
931 2708 1072 2771 quasque
1108 2688 1144 2749 im
1181 2705 1291 2750 manus
1327 2694 1464 2750 uenerat.

483 2787 634 2876 Superest
655 2801 691 2856 ut
712 2812 767 2856 nee
791 2801 819 2856 te
841 2791 967 2855 consilii
988 2812 1112 2855 neema
1133 2791 1297 2875 paeniteat,
1315 2785 1464 2872 obsequii.
1595 2790 1596 2809 ¹

481 2891 535 2956 Ita
568 2895 651 2960 enim
677 2891 738 2974 fiet
771 2905 807 2958 ut
845 2915 896 2959 eus
935 2916 1014 2979 quae
1047 2893 1149 2956 adduc
1177 2891 1332 2975 seplasiae
1360 2892 1465 2955 iurent

479 2998 652 3082 requiram,
676 3009 706 3062 et
727 3001 835 3082 siquos
857 2997 1023 3077 addidero,
1046 3018 1110 3060 nors
1131 2994 1338 3080 supprimam.

325 3149 418 3234 Quae
451 3151 600 3214 suourate
634 3149 844 3232 expendenda
876 3152 960 3230 sunt,
996 3152 1031 3215 ut
1063 3151 1149 3214 reete
1182 3147 1349 3228 adplene,
1387 3145 1463 3229 quid

325 3247 448 3317 Pliulus
470 3253 503 3317 in
525 3269 583 3318 suu
613 3269 708 3334 opere
735 3253 846 3334 egerit,
876 3253 1094 3320 diiudieemus.
1139 3251 1222 3316 Nam
1245 3251 1329 3332 quod
1352 3249 1464 3316 seribit

323 3369 359 3420 ee
382 3353 522 3436 Septlolo
550 3355 697 3421 hortante
725 3357 887 3439 epistolas,
917 3373 997 3439 quas
1024 3355 1149 3439 quidem
1174 3355 1283 3437 ‘paulo
1307 3354 1462 3420 curatius‘
1592 3425 1593 3452 χ

323 3454 514 3540 sumpsisset,
530 3459 708 3540 collegisse,
725 3459 879 3541 epistolae
894 3460 993 3541 ipsae,
1014 3477 1137 3524 summa
1157 3475 1234 3523 eura
1249 3460 1282 3523 et
1297 3457 1463 3539 diligentia

323 3561 511 3646 perpolitae,
555 3557 650 3628 faelle
686 3563 889 3645 persuadent,
932 3563 995 3628 iam
1032 3565 1099 3628 tum
1141 3579 1212 3626 oum
1250 3559 1464 3626 scriberentur

322 3663 508 3746 seriptorem
542 3667 603 3731 hoo
638 3683 767 3732 ourasse
799 3668 836 3731 ut
863 3666 996 3731 idoneae
1032 3666 1148 3746 essent,
1183 3682 1266 3747 quae
1293 3662 1462 3745 aliquando
1591 3691 1592 3696 ¹

323 3769 477 3835 eulleetae
499 3767 619 3851 publioi
641 3770 719 3835 iuris
741 3769 862 3836 fierent.
897 3771 997 3836 Porro
1020 3785 1103 3853 quae
1125 3768 1238 3834 soribit
1259 3785 1294 3833 se
1310 3766 1462 3848 epistolas

323 3871 498 3954 eollaglsse
513 3887 576 3938 nun
600 3877 726 3940 servato
747 3873 898 3957 temporis
915 3874 1032 3954 ordine,
1057 3873 1204 3956 quoniam
1220 3870 1383 3936 historiam
1398 3887 1462 3936 non

322 3977 536 4058 temporem,
554 3976 611 4040 sed
623 3978 660 4041 ut
672 3991 817 4059 quaeque
827 3977 861 4042 iu
876 3993 988 4042 manus
1001 3977 1151 4056 venisset,
1167 3993 1206 4040 ea
1221 3975 1268 4040 ita
1279 3976 1463 4055 comparata

324 4084 408 4160 sunt
432 4081 469 4144 ut
490 4073 548 4144 vix
577 4079 728 4146 credibile
754 4079 911 4160 videatur,
939 4079 1076 4146 Plinium
1103 4080 1136 4144 iu
1163 4077 1297 4160 singulis
1320 4077 1462 4160 epistulis

323 4182 505 4265 digerendis
551 4195 642 4247 suum
689 4183 803 4266 oulque
846 4184 949 4249 locum
995 4200 1036 4248 ex
1071 4185 1248 4264 temporum
1285 4180 1461 4247 rationibus

322 4287 519 4370 magnaeus:
555 4301 628 4351 nam
657 4287 718 4352 hoe
750 4285 778 4350 si
801 4286 964 4366 voluisset,
999 4303 1056 4350 our
1082 4289 1231 4368 putamus
1265 4302 1336 4350 eum
1358 4286 1461 4350 huoa

325 4403 388 4456 sno
405 4389 538 4456 mnslllo
563 4389 701 4456 sianum
729 4407 800 4455 esse
826 4392 890 4455 tam
918 4405 1079 4472 expresse,
1113 4389 1224 4455 addita
1249 4405 1357 4468 eausa,
1390 4405 1462 4470 pro
