<?xml version="1.0" encoding="UTF-8"?>
<!DOCTYPE html PUBLIC "-//W3C//DTD XHTML 1.0 Transitional//EN"
    "http://www.w3.org/TR/xhtml1/DTD/xhtml1-transitional.dtd">
<html xmlns="http://www.w3.org/1999/xhtml" xml:lang="en" lang="en">
 <head>
  <title>
</title>
<meta http-equiv="Content-Type" content="text/html;charset=utf-8" />
  <meta name='ocr-system' content='tesseract 3.04.00' />
  <meta name='ocr-capabilities' content='ocr_page ocr_carea ocr_par ocr_line ocrx_word'/>
</head>
<body>
  <div class='ocr_page' id='page_1' title='image "./depliniiepistol00schugoog_0053.png"; bbox 0 0 3228 5090; ppageno 0'>
   <div class='ocr_carea' id='block_1_1' title="bbox 773 428 990 528">
    <p class='ocr_par' dir='ltr' id='par_1_1' title="bbox 773 428 990 528">
     <span class='ocr_line' id='line_1_1' title="bbox 773 428 990 528; baseline -0.009 1"><span class='ocrx_word' id='word_1_1' title='bbox 773 428 990 528; x_wconf 55' lang='lat'>-464</span> 
     </span>
    </p>
   </div>
   <div class='ocr_carea' id='block_1_2' title="bbox 305 653 1442 2522">
    <p class='ocr_par' dir='ltr' id='par_1_2' title="bbox 305 653 1442 2522">
     <span class='ocr_line' id='line_1_2' title="bbox 394 653 1442 742; baseline -0.001 -20"><span class='ocrx_word' id='word_1_2' title='bbox 394 665 423 722; x_wconf 87' lang='lat'>7.</span> <span class='ocrx_word' id='word_1_3' title='bbox 458 657 549 742; x_wconf 75' lang='lat' dir='ltr'>Quae</span> <span class='ocrx_word' id='word_1_4' title='bbox 565 653 667 720; x_wconf 83' lang='lat' dir='ltr'>Creon</span> <span class='ocrx_word' id='word_1_5' title='bbox 683 654 723 718; x_wconf 88' lang='lat' dir='ltr'>de</span> <span class='ocrx_word' id='word_1_6' title='bbox 737 653 870 719; x_wconf 78' lang='lat' dir='ltr'>Eteoele</span> <span class='ocrx_word' id='word_1_7' title='bbox 886 654 973 720; x_wconf 88' lang='lat' dir='ltr'>eives</span> <span class='ocrx_word' id='word_1_8' title='bbox 989 653 1094 720; x_wconf 85' lang='lat' dir='ltr'>faeere</span> <span class='ocrx_word' id='word_1_9' title='bbox 1109 653 1211 734; x_wconf 86' lang='lat' dir='ltr'>iussit,</span> <span class='ocrx_word' id='word_1_10' title='bbox 1224 653 1256 719; x_wconf 91' lang='lat' dir='ltr'>in</span> <span class='ocrx_word' id='word_1_11' title='bbox 1274 653 1442 737; x_wconf 81' lang='lat' dir='ltr'>Sophoclis</span> 
     </span>
     <span class='ocr_line' id='line_1_3' title="bbox 308 754 943 842; baseline -0.006 -15"><span class='ocrx_word' id='word_1_12' title='bbox 308 761 494 842; x_wconf 80' lang='lat' dir='ltr'>Antigonae</span> <span class='ocrx_word' id='word_1_13' title='bbox 516 778 546 822; x_wconf 85' lang='grc' dir='ltr'>ν.</span> <span class='ocrx_word' id='word_1_14' title='bbox 573 764 633 822; x_wconf 85' lang='grc'>196</span> <span class='ocrx_word' id='word_1_15' title='bbox 657 776 704 840; x_wconf 89' lang='lat' dir='ltr'>sq.</span> <span class='ocrx_word' id='word_1_16' title='bbox 728 754 790 842; x_wconf 83' lang='lat' dir='ltr'>(ed.</span> <span class='ocrx_word' id='word_1_17' title='bbox 814 757 943 834; x_wconf 77' lang='lat' dir='ltr'>Nauck)</span> 
     </span>
     <span class='ocr_line' id='line_1_4' title="bbox 512 859 1176 948; baseline -0.002 -23"><span class='ocrx_word' id='word_1_18' title='bbox 512 869 596 948; x_wconf 76' lang='grc' dir='ltr'>τάφῳ</span> <span class='ocrx_word' id='word_1_19' title='bbox 620 884 650 925; x_wconf 84' lang='grc' dir='ltr'>τε</span> <span class='ocrx_word' id='word_1_20' title='bbox 674 863 775 948; x_wconf 75' lang='grc' dir='ltr'>κρύψαι</span> <span class='ocrx_word' id='word_1_21' title='bbox 798 861 846 923; x_wconf 82' lang='grc' dir='ltr'>καὶ</span> <span class='ocrx_word' id='word_1_22' title='bbox 867 863 904 924; x_wconf 87' lang='grc' dir='ltr'>τά</span> <span class='ocrx_word' id='word_1_23' title='bbox 926 859 1007 923; x_wconf 84' lang='grc' dir='ltr'>πάντ’</span> <span class='ocrx_word' id='word_1_24' title='bbox 1031 862 1176 948; x_wconf 77' lang='grc' dir='ltr'>ἐραγνίσακ</span> 
     </span>
     <span class='ocr_line' id='line_1_5' title="bbox 515 967 1126 1055; baseline 0 -26"><span class='ocrx_word' id='word_1_25' title='bbox 515 971 533 1029; x_wconf 87' lang='grc' dir='ltr'><em>ἃ</em></span> <span class='ocrx_word' id='word_1_26' title='bbox 556 974 613 1035; x_wconf 84' lang='grc' dir='ltr'>τοῖς</span> <span class='ocrx_word' id='word_1_27' title='bbox 636 967 758 1052; x_wconf 77' lang='grc' dir='ltr'>ἀρίστοις</span> <span class='ocrx_word' id='word_1_28' title='bbox 781 967 892 1054; x_wconf 79' lang='grc' dir='ltr'>ἔρχεται</span> <span class='ocrx_word' id='word_1_29' title='bbox 915 973 994 1028; x_wconf 78' lang='grc' dir='ltr'>κάτον</span> <span class='ocrx_word' id='word_1_30' title='bbox 1018 975 1126 1055; x_wconf 78' lang='grc' dir='ltr'>νεκροῖς</span> 
     </span>
     <span class='ocr_line' id='line_1_6' title="bbox 307 1071 1284 1160; baseline -0.004 -18"><span class='ocrx_word' id='word_1_31' title='bbox 307 1079 340 1142; x_wconf 92' lang='lat' dir='ltr'>in</span> <span class='ocrx_word' id='word_1_32' title='bbox 362 1075 401 1140; x_wconf 87' lang='lat' dir='ltr'>iis</span> <span class='ocrx_word' id='word_1_33' title='bbox 424 1080 502 1136; x_wconf 78' lang='grc' dir='ltr'>κάτω</span> <span class='ocrx_word' id='word_1_34' title='bbox 525 1073 567 1138; x_wconf 86' lang='lat' dir='ltr'>ad</span> <span class='ocrx_word' id='word_1_35' title='bbox 590 1079 698 1158; x_wconf 83' lang='grc' dir='ltr'>νεκροῖς</span> <span class='ocrx_word' id='word_1_36' title='bbox 720 1089 783 1137; x_wconf 89' lang='lat' dir='ltr'>non</span> <span class='ocrx_word' id='word_1_37' title='bbox 806 1072 847 1137; x_wconf 88' lang='lat' dir='ltr'>ad</span> <span class='ocrx_word' id='word_1_38' title='bbox 870 1072 981 1160; x_wconf 78' lang='grc' dir='ltr'>ἔρχεται</span> <span class='ocrx_word' id='word_1_39' title='bbox 1004 1071 1202 1138; x_wconf 82' lang='lat' dir='ltr'>referendum</span> <span class='ocrx_word' id='word_1_40' title='bbox 1226 1074 1284 1138; x_wconf 84' lang='lat' dir='ltr'>est.</span> 
     </span>
     <span class='ocr_line' id='line_1_7' title="bbox 395 1176 1008 1258; baseline 0 -16"><span class='ocrx_word' id='word_1_41' title='bbox 395 1185 424 1244; x_wconf 85' lang='lat'>8.</span> <span class='ocrx_word' id='word_1_42' title='bbox 458 1179 497 1242; x_wconf 89' lang='lat' dir='ltr'>In</span> <span class='ocrx_word' id='word_1_43' title='bbox 521 1177 661 1242; x_wconf 87' lang='lat' dir='ltr'>eiusdem</span> <span class='ocrx_word' id='word_1_44' title='bbox 684 1176 869 1258; x_wconf 79' lang='lat' dir='ltr'>tragoediae</span> <span class='ocrx_word' id='word_1_45' title='bbox 891 1196 921 1242; x_wconf 78' lang='lat' dir='ltr'>v,</span> <span class='ocrx_word' id='word_1_46' title='bbox 946 1184 1008 1242; x_wconf 84' lang='lat'>648</span> 
     </span>
     <span class='ocr_line' id='line_1_8' title="bbox 512 1278 1261 1369; baseline -0.003 -25"><span class='ocrx_word' id='word_1_47' title='bbox 512 1281 553 1366; x_wconf 79' lang='grc' dir='ltr'>μὴ</span> <span class='ocrx_word' id='word_1_48' title='bbox 576 1282 624 1344; x_wconf 82' lang='grc' dir='ltr'>νύν</span> <span class='ocrx_word' id='word_1_49' title='bbox 647 1280 720 1355; x_wconf 76' lang='grc' dir='ltr'>κοτ’,</span> <span class='ocrx_word' id='word_1_50' title='bbox 745 1279 769 1342; x_wconf 78' lang='grc' dir='ltr'>ὦ</span> <span class='ocrx_word' id='word_1_51' title='bbox 792 1282 855 1355; x_wconf 75' lang='lat' dir='ltr'>otei,⁸</span> <span class='ocrx_word' id='word_1_52' title='bbox 876 1282 928 1350; x_wconf 87' lang='grc' dir='ltr'>τάς</span> <span class='ocrx_word' id='word_1_53' title='bbox 951 1283 1058 1369; x_wconf 77' lang='grc' dir='ltr'>φρένας</span> <span class='ocrx_word' id='word_1_54' title='bbox 1081 1278 1128 1367; x_wconf 74' lang='grc' dir='ltr'>ὑφ’</span> <span class='ocrx_word' id='word_1_55' title='bbox 1154 1279 1261 1364; x_wconf 74' lang='grc' dir='ltr'>ἡδονῆς</span> 
     </span>
     <span class='ocr_line' id='line_1_9' title="bbox 338 1385 962 1471; baseline -0.005 -21"><span class='ocrx_word' id='word_1_56' title='bbox 338 1461 339 1464; x_wconf 11' lang='grc' dir='ltr'>γ</span> <span class='ocrx_word' id='word_1_57' title='bbox 511 1388 639 1471; x_wconf 83' lang='grc' dir='ltr'>γυναικὸς</span> <span class='ocrx_word' id='word_1_58' title='bbox 662 1387 744 1450; x_wconf 80' lang='grc' dir='ltr'>εἵνεκ’</span> <span class='ocrx_word' id='word_1_59' title='bbox 770 1385 899 1470; x_wconf 75' lang='grc' dir='ltr'>ἐκβάλῃς</span> <span class='ocrx_word' id='word_1_60' title='bbox 923 1425 962 1434; x_wconf 91' lang='grc'><strong>-</strong></span> 
     </span>
     <span class='ocr_line' id='line_1_10' title="bbox 305 1489 1441 1578; baseline 0.001 -17"><span class='ocrx_word' id='word_1_61' title='bbox 305 1493 471 1561; x_wconf 86' lang='lat' dir='ltr'>Nauokius</span> <span class='ocrx_word' id='word_1_62' title='bbox 499 1493 615 1561; x_wconf 85' lang='lat' dir='ltr'>iniuria</span> <span class='ocrx_word' id='word_1_63' title='bbox 641 1493 740 1560; x_wconf 87' lang='lat' dir='ltr'>verba</span> <span class='ocrx_word' id='word_1_64' title='bbox 763 1489 810 1578; x_wconf 80' lang='grc' dir='ltr'>ὑφ’</span> <span class='ocrx_word' id='word_1_65' title='bbox 835 1492 943 1576; x_wconf 71' lang='grc' dir='ltr'>ἡδονῆς</span> <span class='ocrx_word' id='word_1_66' title='bbox 965 1491 1082 1558; x_wconf 82' lang='lat' dir='ltr'>vitiosa</span> <span class='ocrx_word' id='word_1_67' title='bbox 1108 1491 1234 1559; x_wconf 86' lang='lat' dir='ltr'>habuit:</span> <span class='ocrx_word' id='word_1_68' title='bbox 1270 1495 1441 1562; x_wconf 76' lang='lat' dir='ltr'>Triclinius</span> 
     </span>
     <span class='ocr_line' id='line_1_11' title="bbox 307 1594 1218 1684; baseline -0.005 -18"><span class='ocrx_word' id='word_1_69' title='bbox 307 1610 393 1666; x_wconf 76' lang='lat' dir='ltr'>reete</span> <span class='ocrx_word' id='word_1_70' title='bbox 416 1601 603 1666; x_wconf 84' lang='lat' dir='ltr'>emendasse</span> <span class='ocrx_word' id='word_1_71' title='bbox 625 1599 752 1664; x_wconf 83' lang='lat' dir='ltr'>videtur</span> <span class='ocrx_word' id='word_1_72' title='bbox 774 1599 826 1668; x_wconf 80' lang='grc' dir='ltr'>τὰς</span> <span class='ocrx_word' id='word_1_73' title='bbox 849 1600 956 1684; x_wconf 83' lang='grc' dir='ltr'>φρένας</span> <span class='ocrx_word' id='word_1_74' title='bbox 979 1595 1004 1679; x_wconf 84' lang='grc' dir='ltr'>γ’</span> <span class='ocrx_word' id='word_1_75' title='bbox 1030 1594 1077 1682; x_wconf 75' lang='grc' dir='ltr'>ὑφ’</span> <span class='ocrx_word' id='word_1_76' title='bbox 1103 1595 1218 1681; x_wconf 74' lang='grc' dir='ltr'>ἡδονῆς.</span> 
     </span>
     <span class='ocr_line' id='line_1_12' title="bbox 393 1702 1239 1770; baseline 0 -2"><span class='ocrx_word' id='word_1_77' title='bbox 393 1711 421 1770; x_wconf 86' lang='grc'>9.</span> <span class='ocrx_word' id='word_1_78' title='bbox 456 1704 546 1770; x_wconf 79' lang='lat' dir='ltr'>idem</span> <span class='ocrx_word' id='word_1_79' title='bbox 569 1703 735 1770; x_wconf 81' lang='lat' dir='ltr'>Nauekius</span> <span class='ocrx_word' id='word_1_80' title='bbox 759 1721 831 1769; x_wconf 88' lang='lat' dir='ltr'>eum</span> <span class='ocrx_word' id='word_1_81' title='bbox 855 1702 969 1768; x_wconf 80' lang='lat' dir='ltr'>Aiacis</span> <span class='ocrx_word' id='word_1_82' title='bbox 993 1719 1045 1767; x_wconf 92' lang='lat' dir='ltr'>vv.</span> <span class='ocrx_word' id='word_1_83' title='bbox 1070 1707 1239 1768; x_wconf 75' lang='lat' dir='ltr'>aee—291</span> 
     </span>
     <span class='ocr_line' id='line_1_13' title="bbox 513 1801 1213 1892; baseline -0.004 -21"><span class='ocrx_word' id='word_1_84' title='bbox 513 1808 601 1884; x_wconf 84' lang='grc' dir='ltr'>Αἵας;</span> <span class='ocrx_word' id='word_1_85' title='bbox 624 1808 649 1870; x_wconf 83' lang='grc' dir='ltr'>τί</span> <span class='ocrx_word' id='word_1_86' title='bbox 671 1806 749 1892; x_wconf 76' lang='grc' dir='ltr'>τήνδ’</span> <span class='ocrx_word' id='word_1_87' title='bbox 775 1807 902 1891; x_wconf 76' lang='grc' dir='ltr'>ἄκλητος</span> <span class='ocrx_word' id='word_1_88' title='bbox 925 1805 988 1870; x_wconf 76' lang='grc' dir='ltr'>οὔθ’</span> <span class='ocrx_word' id='word_1_89' title='bbox 1014 1804 1050 1868; x_wconf 81' lang='grc' dir='ltr'>ὑπ</span> <span class='ocrx_word' id='word_1_90' title='bbox 1075 1801 1213 1889; x_wconf 78' lang='grc' dir='ltr'>’ἀγγέλων</span> 
     </span>
     <span class='ocr_line' id='line_1_14' title="bbox 513 1912 1192 2001; baseline -0.004 -25"><span class='ocrx_word' id='word_1_91' title='bbox 513 1913 636 1998; x_wconf 73' lang='grc' dir='ltr'>κληθεὶς</span> <span class='ocrx_word' id='word_1_92' title='bbox 659 1912 794 2001; x_wconf 80' lang='grc' dir='ltr'>άφορμᾷς</span> <span class='ocrx_word' id='word_1_93' title='bbox 816 1921 912 2000; x_wconf 80' lang='grc' dir='ltr'>πεῖραν</span> <span class='ocrx_word' id='word_1_94' title='bbox 936 1913 1000 1975; x_wconf 83' lang='grc' dir='ltr'>οὔτε</span> <span class='ocrx_word' id='word_1_95' title='bbox 1023 1934 1072 1974; x_wconf 87' lang='grc' dir='ltr'>τοο</span> <span class='ocrx_word' id='word_1_96' title='bbox 1095 1912 1192 1974; x_wconf 79' lang='grc' dir='ltr'>κλάων</span> 
     </span>
     <span class='ocr_line' id='line_1_15' title="bbox 514 2017 1230 2104; baseline -0.003 -22"><span class='ocrx_word' id='word_1_97' title='bbox 514 2021 681 2103; x_wconf 55' lang='grc' dir='ltr'>σάλπιγγος</span> <span class='ocrx_word' id='word_1_98' title='bbox 706 2020 786 2082; x_wconf 84' lang='grc' dir='ltr'>ἀλλά</span> <span class='ocrx_word' id='word_1_99' title='bbox 809 2026 856 2082; x_wconf 79' lang='grc' dir='ltr'>νῦν</span> <span class='ocrx_word' id='word_1_100' title='bbox 880 2041 911 2103; x_wconf 83' lang='grc' dir='ltr'>γε</span> <span class='ocrx_word' id='word_1_101' title='bbox 935 2028 990 2088; x_wconf 84' lang='grc' dir='ltr'>πᾶς</span> <span class='ocrx_word' id='word_1_102' title='bbox 1014 2017 1085 2081; x_wconf 72' lang='grc' dir='ltr'>εὕδει</span> <span class='ocrx_word' id='word_1_103' title='bbox 1109 2021 1230 2104; x_wconf 85' lang='grc' dir='ltr'>στρατός</span> 
     </span>
     <span class='ocr_line' id='line_1_16' title="bbox 308 2123 1441 2206; baseline 0 -16"><span class='ocrx_word' id='word_1_104' title='bbox 308 2126 449 2206; x_wconf 80' lang='lat' dir='ltr'>graviter</span> <span class='ocrx_word' id='word_1_105' title='bbox 471 2126 633 2192; x_wconf 87' lang='lat' dir='ltr'>laborasse</span> <span class='ocrx_word' id='word_1_106' title='bbox 656 2125 778 2206; x_wconf 81' lang='lat' dir='ltr'>statuit,</span> <span class='ocrx_word' id='word_1_107' title='bbox 803 2125 937 2190; x_wconf 78' lang='lat' dir='ltr'>existis</span> <span class='ocrx_word' id='word_1_108' title='bbox 971 2123 1073 2189; x_wconf 83' lang='lat' dir='ltr'>tribus</span> <span class='ocrx_word' id='word_1_109' title='bbox 1108 2123 1254 2188; x_wconf 84' lang='lat' dir='ltr'>versibus</span> <span class='ocrx_word' id='word_1_110' title='bbox 1281 2124 1339 2190; x_wconf 90' lang='lat' dir='ltr'>hos</span> <span class='ocrx_word' id='word_1_111' title='bbox 1362 2125 1441 2190; x_wconf 92' lang='lat' dir='ltr'>duos</span> 
     </span>
     <span class='ocr_line' id='line_1_17' title="bbox 516 2225 1185 2315; baseline -0.006 -23"><span class='ocrx_word' id='word_1_112' title='bbox 516 2231 596 2303; x_wconf 76' lang='grc' dir='ltr'>Αἴας,</span> <span class='ocrx_word' id='word_1_113' title='bbox 621 2231 646 2292; x_wconf 82' lang='grc' dir='ltr'>τί</span> <span class='ocrx_word' id='word_1_114' title='bbox 670 2229 753 2313; x_wconf 77' lang='grc' dir='ltr'>τήνδε</span> <span class='ocrx_word' id='word_1_115' title='bbox 777 2235 873 2315; x_wconf 79' lang='grc' dir='ltr'>πεῖραν</span> <span class='ocrx_word' id='word_1_116' title='bbox 898 2228 960 2290; x_wconf 74' lang='grc' dir='ltr'>οὔθ’</span> <span class='ocrx_word' id='word_1_117' title='bbox 986 2225 1031 2290; x_wconf 79' lang='grc' dir='ltr'>ὑπ’</span> <span class='ocrx_word' id='word_1_118' title='bbox 1056 2228 1185 2311; x_wconf 83' lang='grc' dir='ltr'>ἀγγέλων</span> 
     </span>
     <span class='ocr_line' id='line_1_18' title="bbox 513 2334 1190 2422; baseline -0.003 -25"><span class='ocrx_word' id='word_1_119' title='bbox 513 2336 636 2420; x_wconf 71' lang='grc' dir='ltr'>κληθεὶς</span> <span class='ocrx_word' id='word_1_120' title='bbox 659 2335 795 2422; x_wconf 70' lang='grc' dir='ltr'>ἀφορμάς</span> <span class='ocrx_word' id='word_1_121' title='bbox 817 2335 881 2398; x_wconf 81' lang='grc' dir='ltr'>οὔτε</span> <span class='ocrx_word' id='word_1_122' title='bbox 904 2334 1058 2417; x_wconf 82' lang='grc' dir='ltr'>σάλπιγγος</span> <span class='ocrx_word' id='word_1_123' title='bbox 1080 2335 1190 2409; x_wconf 81' lang='grc' dir='ltr'>κλύων;</span> 
     </span>
     <span class='ocr_line' id='line_1_19' title="bbox 308 2439 969 2522; baseline -0.002 -18"><span class='ocrx_word' id='word_1_124' title='bbox 308 2441 521 2505; x_wconf 77' lang='lat' dir='ltr'>restituendos</span> <span class='ocrx_word' id='word_1_125' title='bbox 543 2459 615 2505; x_wconf 85' lang='lat' dir='ltr'>esse</span> <span class='ocrx_word' id='word_1_126' title='bbox 638 2439 718 2505; x_wconf 83' lang='lat' dir='ltr'>falso</span> <span class='ocrx_word' id='word_1_127' title='bbox 741 2439 889 2522; x_wconf 84' lang='lat' dir='ltr'>opinatus</span> <span class='ocrx_word' id='word_1_128' title='bbox 912 2443 969 2504; x_wconf 84' lang='lat' dir='ltr'>esi.</span> 
     </span>
    </p>
   </div>
   <div class='ocr_carea' id='block_1_3' title="bbox 0 0 1618 5090">
    <p class='ocr_par' dir='ltr' id='par_1_3' title="bbox 0 0 1618 5090">
     <span class='ocr_line' id='line_1_20' title="bbox 0 0 1618 5090; baseline 0 0"><span class='ocrx_word' id='word_1_129' title='bbox 0 0 1618 5090; x_wconf 95' lang='lat' dir='ltr'> </span> 
     </span>
    </p>
   </div>
  </div>
 </body>
</html>
