3228 5090
662 397 871 456 ..39.,

200 578 234 643 in
266 579 382 644 serium
417 580 583 668 convertit,
618 580 741 646 Plinius
776 581 869 648 facile
892 601 956 646 rem
980 582 1026 646 ita
1049 599 1177 645 narrare
1199 583 1334 665 poterat,

201 685 360 765 tamquam
384 684 516 749 Tacitus
539 689 650 751 auctor
672 685 769 751 t'nerit
790 686 875 751 illius
897 685 1062 768 praecepti
1095 685 1179 767 quod
1214 686 1263 749 est
1297 684 1336 748 de

200 787 347 852 Minerva
379 789 412 852 et
444 787 551 853 Diana
583 788 704 870 pariter
737 789 887 855 colendis.
946 788 1037 873 Quae
1070 788 1097 852 si
1129 786 1336 869 probabiliter

199 891 363 971 disputata
385 895 468 973 sunt,
504 892 639 974 epistola
662 893 711 958 IX
729 900 768 959 10
802 892 892 959 brevi
913 896 987 976 post
1021 891 1187 974 excepisse
1209 892 1335 956 videtur

199 994 365 1076 epistolam
388 996 450 1076 Ic,
474 996 506 1060 id
530 999 634 1069 estet
656 997 727 1078 ipsa
749 1016 777 1063 a.
802 1004 842 1064 96
866 998 918 1063 vel
942 1003 981 1061 97
1005 997 1134 1078 scripta.

284 1097 410 1163 Deinde
432 1100 468 1162 ut
494 1100 578 1182 quod
602 1103 729 1166 nostrae
756 1100 897 1182 opinioni
923 1099 1032 1166 faveat
1054 1099 1217 1180 addamus
1253 1118 1335 1183 quae

196 1200 346 1282 leguntur
366 1221 415 1286 ep.
433 1204 484 1268 IX
500 1209 583 1283 10,2
606 1208 713 1290 itaque
734 1217 878 1290 poemata
906 1208 1069 1292 quieseant
1092 1227 1172 1290 qnae
1195 1217 1229 1269 tu
1250 1207 1335 1269 inter

196 1327 323 1369 nemora
346 1319 375 1371 et
397 1309 481 1372 laces
503 1309 745 1374 commodissime
770 1309 881 1392 porrici
903 1320 998 1394 patos
1028 1307 1180 1388 originem
1204 1306 1334 1372 duxisse

196 1407 345 1473 videntur
360 1407 401 1474 e'x
416 1410 520 1475 Taciti
536 1410 615 1476 libro
632 1410 683 1476 cui
698 1410 881 1476 inscribitur
898 1411 1069 1492 ‘Dialogus
1085 1412 1125 1475 de
1141 1408 1331 1476 oratoribus*

197 1509 250 1575 ubi
276 1512 357 1578 haee
379 1517 517 1580 exeunte
551 1515 656 1597 capite
684 1535 766 1581 nono
799 1518 904 1581 adiice
937 1517 1020 1602 qnod
1049 1519 1160 1602 poetis,
1194 1518 1222 1579 st
1243 1517 1333 1580 mede

196 1616 327 1698 alienum
349 1618 474 1704 aliquid
497 1619 657 1686 elaborare
680 1633 709 1686 et
732 1620 855 1705 efficere
876 1622 975 1686 velint
997 1669 1005 1684 .
1031 1669 1038 1683 .
1062 1667 1070 1684 .
1097 1622 1133 1683 in
1155 1641 1282 1684 nemora
1305 1629 1333 1683 et

195 1719 286 1802 laces,
308 1723 330 1784 i.
355 1745 380 1788 e.
402 1725 438 1785 in
465 1725 667 1788 solitudinem
694 1725 899 1789 secedendum
928 1735 980 1789 est.
1027 1721 1091 1806 Qui
1113 1721 1238 1786 libellus
1261 1739 1331 1785 cum

194 1821 285 1886 annis
325 1821 390 1888 lere
429 1832 555 1891 93-96
595 1826 698 1891 editus
736 1827 894 1908 videatur,
932 1826 1009 1892 mibi
1044 1825 1201 1892 concedas
1236 1823 1332 1890 verba

193 1923 340 1992 Pliniana
362 1927 487 1993 facilius
509 1929 654 2010 intelligi,
677 1930 705 1994 si
728 1949 849 1995 mecum
873 1930 1038 2014 epistolam
1062 1931 1168 1995 1le
1192 1947 1274 1994 anno
1291 1935 1330 1992 97

193 2028 324 2107 tribuas
349 2050 443 2116 quam
466 2033 494 2097 si
517 2051 587 2098 cum
611 2034 808 2098 Mommseno
831 2052 914 2098 anno
938 2031 1078 2117 109l110
1102 2032 1254 2098 vindices.

279 2134 426 2218 Denique
440 2155 479 2201 ne
491 2137 571 2202 haee
583 2137 708 2220 quidem
720 2137 786 2220 (IX
801 2144 850 2217 10,
863 2136 896 2222 2)
912 2141 1020 2222 itaque
1032 2137 1196 2203 Mineieae
1210 2148 1331 2202 tantun

192 2240 391 2304 sarciendam
423 2253 468 2305 est
501 2240 616 2323 quibus
650 2240 756 2306 verbis
783 2240 908 2305 Plinius
941 2259 976 2305 se
1002 2238 1162 2322 signifieat
1191 2240 1331 2305 studium

193 2343 330 2407 venandi
346 2344 471 2409 omnino
486 2344 659 2427 negligere,
676 2344 860 2427 conspirant
875 2364 946 2410 cum
962 2344 1001 2409 iis
1017 2363 1098 2428 quae
1114 2363 1163 2427 ep.
1179 2346 1229 2410 IX
1245 2351 1296 2425 36,
1311 2353 1328 2409 6

193 2445 239 2509 ita
262 2446 412 2527 leguntur
445 2472 541 2516 cenea·
568 2452 753 2536 aliqnando,
788 2451 928 2515 sednon
954 2450 1020 2514 sine
1037 2447 1261 2534 pupillaribus,
1295 2460 1331 2512 nt

193 2554 335 2634 quemvis
367 2555 448 2616 nillil
475 2557 609 2638 ceperint
644 2577 706 2617 nen
733 2556 816 2616 nillil
843 2557 988 2630 referem.
1044 2553 1159 2635 Itaque
1191 2569 1262 2616 cum
1296 2551 1327 2616 id

193 2653 277 2734 quod
300 2655 361 2720 hac
383 2655 518 2736 epistola
532 2657 707 2739 profitetur,
731 2657 854 2721 scilicet
870 2675 904 2721 se
920 2658 952 2720 et
969 2655 1133 2720 Minervae
1156 2659 1188 2720 et
1204 2654 1328 2721 Dianae

192 2757 321 2838 servire,
346 2778 395 2841 ep.
411 2761 462 2826 IX
480 2768 519 2824 10
535 2759 664 2842 abnuat,
688 2762 746 2826 has
759 2761 838 2825 duas
854 2760 1005 2843 epistolas
1021 2759 1118 2824 variis
1133 2758 1328 2841 temporibus

192 2863 279 2926 ortas
302 2880 372 2927 esse
393 2863 465 2928 luce
488 2864 603 2928 clarius
627 2867 684 2930 est.
1121 2883 1123 2886 ·

277 2966 424 3048 Epistola
445 2968 514 3032 VII
530 2975 571 3034 20
594 2968 706 3032 Tacito
729 2968 805 3032 data
827 2967 950 3033 Plinius
977 2966 1050 3032 inde
1073 2985 1214 3046 exorsus,
1242 2967 1326 3048 quod
1352 2981 1386 3026 tx
1400 2982 1430 3025 14.

191 3068 252 3134 sibi
275 3087 416 3134 summae
431 3067 583 3136 ¹laetitiae
606 3090 676 3136 esse
700 3071 777 3136 dicit
800 3070 909 3136 ambos
936 3090 970 3135 se
993 3070 1090 3136 libros
1114 3069 1326 3135 emendandos

189 3172 326 3238 invicem
359 3173 485 3238 mittere
511 3175 621 3254 solere,
650 3175 785 3239 virtutes
812 3175 905 3239 amici
935 3175 981 3239 ita
1011 3173 1148 3239 extollit:
1184 3175 1327 3259 equidem

189 3278 442 3343 adulescentulus
465 3301 534 3343 enne
556 3282 620 3342 iam
646 3291 679 3342 tn
694 3277 789 3361 same
810 3281 976 3364 pleraeque
994 3280 1137 3364 floreres,
1173 3289 1201 3345 te
1227 3281 1325 3362 sequi,

190 3379 249 3444 tibi
281 3381 386 3466 ‘lenge
419 3385 473 3447 sed
504 3385 666 3466 paenitens
692 3378 873 3466 intervelle'
906 3395 934 3447 et
962 3404 1025 3447 esse
1058 3393 1086 3447 et
1111 3381 1221 3446 baberi
1252 3404 1326 3445 cen·

189 3485 389 3570 enpiseebent.
435 3485 480 3550 Et
503 3498 594 3550 erent
615 3487 715 3550 molto
743 3488 917 3549 clarissima
944 3488 1089 3570 inpenie3
1115 3487 1170 3550 sed
1193 3497 1227 3550 tu
1249 3487 1327 3548 mibi

189 3638 197 3654 .
222 3635 229 3650 .
254 3634 262 3651 .
290 3591 424 3654 mammo
451 3588 624 3664 imitabilis,
659 3593 795 3655 monime
827 3590 1000 3652 imitandus
1034 3587 1201 3652 videbaris.
1253 3586 1325 3671 Qua

189 3690 324 3772 epistola
351 3694 484 3773 accepta
507 3691 652 3756 Tacitum
688 3691 794 3755 statim
822 3690 1024 3772 respondisse
1051 3709 1085 3756 se
1107 3709 1171 3756 non
1194 3690 1324 3772 dignum

188 3813 258 3860 esse
281 3796 336 3879 qui
350 3793 467 3860 talibus
481 3793 629 3860 laudibus
645 3797 824 3874 exornetur,
848 3793 939 3858 fidem
957 3793 1078 3860 faciunt
1098 3813 1180 3878 quae
1195 3795 1324 3860 ineunte

188 3918 236 3981 ep.
261 3901 311 3966 IX
329 3906 367 3964 14
391 3901 549 3980 leguntur.
587 3897 652 3962 Nee
673 3902 741 3983 ipse
765 3898 823 3962 tibi
843 3900 984 3984 plaudis,
1008 3911 1037 3965 et
1060 3923 1112 3984 epe
1128 3901 1209 3963 nibil
1224 3903 1323 3984 mapis

187 4028 225 4071 ea
245 4005 307 4084 (lde
331 4026 425 4088 qnam
448 4006 487 4070 de
510 4016 538 4069 te
560 4002 670 4068 sendo.
704 4002 785 4068 Inde
807 4002 835 4067 si
850 4003 982 4084 colligas
1002 4004 1059 4068 has
1075 4004 1155 4069 duas
1171 4002 1323 4085 epistolas

157 4145 161 4152 ·
185 4127 286 4190 parvo
308 4110 431 4174 tantum
454 4106 622 4173 intervallo
645 4107 728 4172 inter
749 4125 784 4172 se
807 4107 962 4172 discretas
985 4125 1064 4186 esse,
1088 4108 1168 4172 baec
1183 4107 1322 4190 suspicio

186 4213 337 4277 accurata
371 4209 536 4276 verborum
571 4208 832 4291 interpretatione
866 4208 1033 4274 stabilitur.
1088 4209 1215 4276 Etenim
1251 4230 1321 4278 oum

185 4315 309 4379 Plinius
332 4314 382 4378 his
398 4332 480 4395 quae
495 4315 570 4377 sunt
585 4313 652 4384 ,Vll
669 4318 753 4393 20,2
776 4334 871 4396 qnam
885 4335 932 4380 ene
959 4314 1091 4380 delectat
1113 4316 1206 4399 qued,
1230 4320 1322 4402 sique
