3228 5090
632 477 824 533 -5-

159 678 230 741 epp.
254 660 287 722 V
303 666 358 736 203
383 660 543 735 V15313
567 658 776 739 verbalium,
799 662 905 724 tamen
929 678 969 723 ex
985 678 1054 723 mea
1077 658 1207 737 ratione,
1232 676 1295 740 qua

159 761 256 827 libros
278 763 355 842 VII,
380 763 476 842 VIII,
500 764 551 828 IX
585 782 641 843 per
675 782 709 827 se
743 764 826 828 solos
859 783 923 828 una
957 763 1059 828 editos
1093 781 1163 828 esse
1192 762 1294 844 posui,

161 867 301 946 tempore
324 865 363 929 ab
387 865 457 930 istis
480 865 622 947 epistolis
646 866 689 949 (V
705 873 760 942 203
784 867 834 932 VI
851 873 884 942 53
911 865 962 949 13)
979 866 1116 932 discreto
1135 865 1169 929 in
1191 866 1294 929 lucem

159 969 341 1049 prodierint.
380 967 444 1034 Sed
467 969 618 1051 epistolas
639 967 712 1034 libri
735 969 862 1050 septimi
885 972 1008 1034 sextam
1032 972 1064 1034 et
1087 968 1240 1034 decimam
1264 968 1291 1032 si

159 1076 378 1153 argumentum
413 1072 565 1153 respicias
599 1072 695 1153 paulo
732 1071 858 1153 longius
895 1072 1044 1137 recedere
1077 1071 1117 1137 ab
1152 1071 1294 1152 epistolis

158 1175 230 1239 libri
253 1175 355 1257 quinti
389 1178 421 1240 et
443 1175 527 1256 sexti
549 1173 594 1259 (V
612 1181 668 1256 203
693 1176 792 1250 V15;
819 1176 870 1259 13)
899 1194 937 1240 ea
964 1194 998 1240 re
1020 1175 1183 1257 probatur,
1211 1175 1294 1257 quod

161 1278 192 1342 in
216 1279 311 1343 simili
326 1281 512 1359 argumento
535 1277 608 1342 illae
624 1277 777 1357 Macrino
801 1279 862 1342 hae
885 1278 980 1343 datae
1002 1279 1077 1342 sunt
1093 1277 1177 1344 Urso
1193 1278 1294 1343 amico

159 1378 212 1465 (cf.
238 1380 399 1446 Stobbium
424 1382 536 1447 Philol.
560 1382 670 1448 XXX.
695 1400 726 1463 p.
751 1382 836 1465 357).

246 1485 421 1552 Statuimus
456 1485 555 1566 igitur
587 1484 684 1550 libros
711 1486 765 1551 ΠΙ
788 1486 821 1550 et
843 1487 893 1551 IV
922 1484 1106 1549 coniunctos
1128 1483 1293 1566 prodiisse.

159 1589 213 1652 Ac
240 1588 334 1652 simili
360 1589 601 1655 ratiocinatione
628 1589 722 1653 etiam
751 1588 884 1653 ulterius
906 1587 1056 1671 progredi
1082 1587 1167 1652 licet.
1211 1586 1295 1652 Nam

160 1711 229 1756 eum
255 1691 378 1756 Plinius
401 1711 449 1772 ep.
473 1692 559 1757 IVe
583 1691 701 1757 Ursum
725 1691 890 1758 certiorem
917 1689 1016 1756 faeiat
1039 1691 1077 1754 de
1101 1708 1199 1756 causa
1221 1691 1295 1755 Iulii

160 1795 254 1860 Bassi
276 1815 295 1860 a
317 1795 467 1876 Bithynis
490 1795 641 1876 accusati,
666 1795 749 1859 idem
772 1795 812 1860 ad
836 1795 968 1859 eundem
992 1813 1041 1874 ep.
1065 1795 1097 1859 V
1112 1798 1153 1860 20
1176 1792 1296 1858 scribat

159 1899 240 1964 hace
265 1903 381 1965 iterum
404 1900 550 1978 Billrpai:
580 1899 670 1965 breue
698 1911 815 1984 tempus
843 1924 863 1961 a
891 1898 974 1963 Iulio
999 1898 1098 1961 Basso
1122 1909 1151 1962 et
1173 1897 1294 1975 Rasum

170 2001 321 2068 Varenum
357 2005 571 2086 proconsulem
609 2005 805 2085 detulerant,
851 2000 1019 2080 Varenum,
1058 2023 1149 2086 quem
1190 2023 1292 2084 reaper

160 2108 308 2171 aduersas
323 2106 457 2170 Bassum
480 2107 663 2171 advocatura
687 2117 715 2171 et
734 2107 934 2191 postularant
956 2117 985 2168 et
1007 2116 1192 2189 acceperant
1213 2100 1245 2188 (ξ
1264 2101 1294 2186 1)

160 2211 193 2273 ct
219 2209 313 2290 paulo
330 2212 403 2291 post
419 2207 450 2295 (ξ
473 2209 506 2293 2)
540 2209 677 2274 Vareaas
703 2213 794 2294 petiit
819 2222 854 2273 at
877 2208 938 2272 sibi
960 2230 1080 2294 qaoque
1104 2209 1294 2282 defensionis

160 2336 254 2377 caasa
278 2336 402 2378 ecocare
426 2326 513 2378 testes
537 2316 653 2393 liceret,
670 2313 806 2396 denique
822 2313 975 2394 epistolae
990 2314 1041 2377 VI
1058 2309 1193 2375 selden
1209 2309 1294 2374 Urso

161 2416 276 2482 missae
298 2416 420 2481 initium
444 2414 543 2482 faeiat
565 2418 625 2482 hoc
644 2420 830 2502 scripseram
847 2419 978 2482 leuarisse
1004 2415 1157 2480 Vareaam
1179 2426 1214 2479 at
1236 2413 1297 2478 sibi

160 2543 285 2586 euocare
309 2533 398 2586 testes
422 2523 528 2586 liceret
554 2520 604 2584 his
628 2519 770 2601 epistolis
798 2519 899 2584 eidem
926 2517 1046 2584 homini
1074 2517 1236 2599 inscriptis
1264 2520 1297 2582 et

159 2623 310 2704 temporis
333 2625 365 2688 et
388 2623 566 2704 argumenti
588 2623 715 2688 vinculo
738 2621 915 2688 coniunctis
943 2621 1059 2686 adduci
1081 2620 1234 2700 videmur,
1260 2624 1295 2685 ut

160 2725 256 2790 libros
278 2727 336 2806 IV,
360 2727 402 2806 V,
425 2727 475 2792 VI
509 2745 570 2791 uno
604 2728 745 2808 tempore
779 2726 881 2790 editos
915 2727 1101 2791 statuamus,
1148 2723 1241 2807 Quod
1268 2723 1297 2788 si

161 2849 268 2894 rerum
293 2831 351 2910 est,
375 2849 414 2895 ex
437 2829 477 2894 iis
500 2848 581 2912 quae
597 2830 688 2895 modo
712 2829 751 2894 de
773 2828 861 2894 libris
877 2830 930 2892 HI
946 2832 979 2893 ct
993 2829 1043 2893 IV
1058 2847 1121 2892 una
1136 2827 1295 2908 evulgatis

164 2932 337 3013 effecimus
361 2933 573 3015 consequitur,
598 2934 634 2996 ut
648 2932 785 2997 Plinium
802 2933 860 2996 bos
881 2933 1030 3015 quattuor
1043 2930 1140 2996 libros
1155 2931 1219 3010 III,
1235 2933 1295 3011 IV,

164 3037 203 3117 V,
227 3038 278 3101 VI
300 3055 361 3101 uno
386 3054 517 3118 corpore
540 3037 690 3102 collectos
716 3036 875 3101 emisissse
902 3038 1089 3100 statuamus.

246 3139 300 3204 Ab
334 3139 383 3204 lris
417 3141 567 3222 quattuor
599 3139 688 3204 libris
711 3141 845 3222 primum
874 3142 906 3204 et
928 3139 1101 3203 secundum
1124 3137 1295 3220 separatim

160 3243 262 3308 editos
286 3261 356 3308 esse
372 3243 475 3308 evinci
491 3242 618 3325 quidem
638 3242 883 3323 argumentandi
896 3241 1087 3308 necessitate
1103 3261 1165 3306 non
1180 3241 1295 3322 potest,

116 3427 119 3436 ‚
160 3347 215 3411 scd
241 3351 345 3410 tamen
374 3346 443 3411 veri
464 3365 527 3410 non
551 3346 701 3411 dissimile
728 3346 763 3411 fit
785 3348 955 3428 propterea
981 3346 1064 3428 quod
1094 3344 1298 3408 inveniuntur

161 3449 314 3531 epistolae
347 3469 430 3532 quae
453 3469 628 3516 connexum
652 3451 809 3532 quendam
843 3449 926 3514 inter
947 3449 1068 3530 priores
1092 3447 1170 3512 duos
1197 3447 1295 3513 libros

161 3554 345 3620 ostendunt:
369 3554 457 3618 velut
472 3554 556 3636 quod
578 3553 612 3618 in
634 3553 769 3634 epistola
790 3553 863 3618 libri
884 3551 978 3634 primi
1001 3550 1141 3616 secunda
1156 3549 1295 3615 Arriano

161 3655 271 3721 scribit
294 3660 368 3742 quia
393 3659 564 3723 tardiorem
580 3660 748 3724 adventum
771 3670 857 3721 taam
876 3657 1043 3741 prospicio,
1067 3654 1183 3719 libram
1207 3677 1296 3740 quem

159 3760 319 3845 prioribus
343 3763 481 3845 epistolis
499 3765 706 3850 promiseram
729 3760 863 3839 exhibeo,
886 3759 919 3823 in
941 3758 1073 3823 secundi
1096 3759 1201 3822 autem
1223 3756 1296 3822 libri

162 3863 297 3945 epistola
320 3863 486 3928 undecima
509 3860 542 3948 (ξ
558 3861 613 3947 25)
636 3863 768 3928 eundern
788 3862 923 3928 amicum
946 3861 992 3928 ita
1015 3861 1184 3944 alloquitur
1205 3860 1296 3926 babes

137 4009 144 4015 -
161 3991 211 4032 res
226 3967 378 4044 urbanam·
394 3971 525 4032 invicem
541 3971 675 4032 rusticas
689 3967 797 4040 scribe,
813 3965 887 4030 inde
902 3968 988 4032 recte
1004 3965 1115 4047 opinor
1130 3963 1296 4044 colligetur

163 4071 335 4136 Arrianum
362 4070 483 4136 interca
510 4071 642 4135 Romam
669 4088 731 4133 non
759 4069 894 4150 venisse,
924 4069 956 4133 id
983 4071 1032 4134 est
1059 4069 1117 4133 has
1145 4065 1295 4148 epistolas

163 4194 204 4240 ex
226 4173 337 4239 iisdem
360 4172 426 4238 lere
450 4171 643 4254 temporibus
666 4171 818 4252 originem
834 4172 973 4238 duxisse.
1012 4172 1133 4236 Eodem
1149 4172 1295 4251 spectant

163 4278 316 4360 epistolae
350 4296 369 4341 a
402 4277 598 4341 Mommseno
621 4294 703 4340 anno
731 4281 769 4339 97
804 4275 985 4341 vindicatae
1019 4276 1092 4339 hae:
1127 4275 1204 4340 112
1233 4291 1296 4355 qua

164 4381 270 4468 agitur
292 4381 331 4448 de
354 4379 482 4451 Corellii
505 4379 576 4447 Rufi
600 4381 713 4453 morte;
747 4379 815 4445 ΙΙΙ
845 4378 899 4443 ubi
927 4377 1109 4461 depingitur
1134 4376 1294 4458 publicum
