3228 5090
763 477 978 538 ..20-

303 667 450 748 Epistola
465 672 494 745 4,
508 666 547 729 de
559 683 622 747 qua
632 663 694 729 iam
706 662 739 728 in
751 661 853 744 prima
868 661 1092 745 disputationis
1103 663 1194 743 parte
1205 659 1260 746 (af.
1276 679 1308 743 p.
1323 666 1362 725 14
1372 659 1438 743 sq.)

308 770 440 851 egimus,
468 768 592 833 Plinius
619 786 638 832 a
664 766 802 832 Traiano
828 766 920 848 petit,
943 769 980 831 ut
1001 765 1178 831 Voeonium
1204 765 1382 830 Romanum
1404 762 1439 827 in

304 872 531 954 amplissimum
554 870 694 936 ordinem
717 871 911 952 promoveat.
955 870 995 933 In
1017 886 1081 951 qua
1103 887 1186 951 quae
1207 865 1227 952 ἕ
1247 875 1267 934 2
1290 867 1440 948 leguntur

304 978 359 1042 aad
381 978 435 1039 doc
457 987 561 1040 votam
581 997 683 1040 meam
703 973 836 1038 bonitati
858 986 929 1038 tuoe
950 984 1143 1039 reservatum
1166 983 1220 1051 ast,
1242 974 1319 1056 quia
1340 982 1440 1034 mater

307 1080 442 1144 Romami
465 1078 683 1144 liberalitatem
698 1080 833 1142 sestertii
848 1078 1116 1162 quadringenties,
1139 1077 1224 1161 qaod
1245 1077 1387 1151 conferre
1407 1095 1439 1138 so

305 1183 369 1255 atio
391 1157 547 1245 codicillis
574 1182 617 1244 ad
642 1191 766 1266 patrem
788 1191 875 1244 tuam
897 1181 1024 1264 seraptis
1044 1183 1184 1264 professa
1199 1177 1323 1263 facerat,
1347 1199 1439 1240 aon·

306 1287 387 1350 clatra
410 1288 503 1347 sotis
527 1286 695 1366 legitime
728 1294 891 1367 pernger-at
917 1300 958 1346 ox
990 1280 1030 1346 iis
1058 1281 1086 1346 si
1109 1279 1292 1346 Asbaolrius
1316 1279 1359 1362 (p.
1383 1276 1440 1363 39)

304 1389 391 1453 racto
424 1386 588 1466 conclusit,
623 1384 759 1450 Praiano
792 1384 957 1466 imperium
991 1384 1107 1466 adepto
1135 1401 1297 1466 perpauea
1318 1382 1441 1465 reliqua

305 1490 404 1555 tuisse
426 1507 508 1572 quae
530 1489 571 1553 ad
586 1488 761 1553 Romanum
778 1487 1025 1569 promovendum
1041 1505 1121 1569 opus
1136 1489 1252 1569 essent,
1276 1485 1440 1569 probabile

305 1594 341 1659 fit
368 1593 533 1675 epistolam
562 1593 707 1674 quartam
734 1610 763 1656 a.
787 1597 827 1655 98
855 1591 1006 1673 scriptam
1029 1609 1108 1656 esse.
1153 1590 1243 1655 Idem
1266 1590 1306 1656 de
1323 1589 1441 1673 -quinta

306 1697 423 1762 sertim
434 1698 569 1762 onustat.
594 1694 687 1779 erod
699 1696 890 1776 utapertum
902 1693 1092 1760 flatinitium
1104 1693 1258 1776 epistolae
1271 1697 1440 1779 prosimu

305 1819 417 1880 anno,
441 1802 574 1877 donatae,
596 1801 783 1884 pravissima
797 1800 978 1865 ualetudine
999 1819 1097 1884 atqua
1111 1799 1156 1862 ad
1167 1798 1343 1883 periculum
1357 1800 1440 1863 vitoe

305 1915 447 1982 xortanam,
470 1904 659 1988 iatralipten
680 1893 843 1988 adsumpsi
864 1901 1109 1983 eomparandum
1132 1903 1182 1966 est
1204 1918 1275 1966 oum
1297 1899 1337 1965 iis
1360 1918 1442 1983 qnae

306 2008 340 2072 in
363 2025 413 2088 op.
436 2006 476 2071 ad
493 2006 577 2070 Trai.
602 2011 621 2069 8
638 2002 664 2089 ξ
680 2011 700 2071 3
723 2005 872 2087 leguntur
885 2008 940 2071 sed
953 2009 1092 2091 primam
1105 2028 1184 2086 mea,
1207 2006 1324 2072 deinde
1336 2007 1440 2091 patras

308 2113 355 2175 tui
387 2111 578 2191 valetudine,
610 2121 717 2195 posteo
744 2113 830 2173 curto
853 2111 990 2193 delepati
1020 2133 1040 2173 a
1066 2108 1150 2174 vobis
1172 2107 1271 2194 officii
1291 2119 1440 2187 retentas,

307 2237 390 2278 aune
412 2215 521 2278 uideor
535 2214 779 2278 cmnmodiasr'me
796 2231 886 2298 posse
907 2216 942 2276 ia
964 2235 1030 2278 rem
1049 2224 1244 2298 praestatem
1266 2232 1442 2278 aeramnae.

307 2314 387 2382 Cum
424 2317 506 2381 enirn
540 2315 664 2380 Plinius
701 2315 789 2380 dieat
825 2334 860 2380 se
896 2314 1080 2397 priusquam
1113 2314 1222 2380 Nerva
1257 2313 1441 2381 valetudine

308 2422 478 2484 vexaretur
510 2419 543 2482 id
570 2421 619 2483 ost
646 2436 674 2484 a.
698 2424 738 2482 97
767 2420 920 2500 vergonto
941 2422 1134 2500 aegrotasse,
1168 2437 1209 2484 ox
1231 2417 1337 2484 verbis
1359 2438 1442 2502 quae

307 2524 383 2587 sunt
402 2526 545 2607 proximo
572 2546 654 2586 anno
682 2521 861 2588 neeessario
883 2521 1026 2605 sequitur
1048 2522 1212 2604 epistolam
1236 2521 1378 2605 quintam
1401 2541 1443 2587 ex

307 2644 390 2692 anno
405 2631 446 2690 98
469 2625 620 2706 originem
644 2625 770 2691 ducere.
807 2625 928 2690 Eadem
944 2644 994 2707 ep.
1011 2633 1030 2690 5
1045 2625 1168 2691 Plinius
1184 2628 1253 2691 orat
1266 2624 1444 2708 prinoipem

308 2732 344 2794 ut
367 2728 559 2808 Harpoerati
587 2727 708 2793 medieo
736 2726 899 2793 divitatem
927 2728 1101 2794 Romanam
1129 2728 1184 2794 det
1219 2728 1442 2811 oondonetque

306 2832 375 2897 iure
392 2830 562 2914 Quiritium
586 2831 715 2896 libertas
741 2831 895 2915 quasdam
915 2831 1078 2898 Antoniae
1097 2831 1302 2899 Maximillae.
1341 2831 1442 2898 Sexta

309 2953 380 3000 eum
408 2935 529 3016 gratias
556 2937 633 3016 agat
659 2935 743 3018 quod
766 2935 915 3017 prineops
937 2935 1005 3000 sine
1027 2954 1115 3001 mora
1136 2934 1284 3017 precibus
1306 2935 1373 3001 suis
1394 2936 1442 3000 in·

306 3037 448 3118 dulserit,
471 3037 664 3119 Harpocran
679 3042 806 3120 praeter
821 3037 982 3105 civitatem
998 3039 1172 3105 Romanam
1190 3039 1441 3105 Alexandrinam

307 3159 432 3224 quoque
454 3141 545 3222 petit,
569 3159 662 3224 quam
686 3141 738 3207 hie
760 3144 871 3224 utpote
893 3142 1077 3225 Aegyptius
1099 3161 1230 3208 neeesse
1253 3145 1322 3208 erat
1347 3144 1443 3208 antea

307 3246 538 3326 assequeretur.
583 3244 727 3326 Septima
748 3245 899 3323 Traianus,
923 3248 959 3310 nt
980 3245 1163 3327 iatraliptae
1189 3245 1441 3331 Alexandrinam

308 3366 432 3430 quoque
455 3347 617 3413 civitatem
641 3347 704 3427 dot,
728 3347 866 3412 Plinium
888 3346 986 3428 iubet,
1010 3367 1051 3413 ex
1073 3367 1135 3430 quo
1151 3367 1243 3414 nomo
1258 3349 1301 3414 sit
1315 3350 1442 3430 Harpo-

307 3469 387 3531 oras,
422 3449 483 3514 sibi
517 3450 673 3516 nuntiare.
718 3452 786 3516 Iam
814 3451 1087 3517 animaduersione
1121 3451 1250 3533 dignum
1284 3455 1333 3520 est
1358 3452 1442 3518 inter

307 3556 458 3637 epistolas
494 3561 510 3619 7
546 3557 578 3619 ot
613 3561 662 3635 10,
701 3573 764 3637 qua
796 3554 920 3620 Plinius
959 3555 1096 3638 prinoipi
1127 3555 1321 3639 iatraliptam
1354 3564 1442 3639 νομοῦ

307 3659 458 3744 Μεμφίτου
491 3677 561 3724 esso
594 3658 725 3740 iudioat,
759 3658 963 3740 interpositas
996 3677 1067 3725 osse
1094 3663 1239 3728 notatam
1262 3665 1295 3727 et
1316 3680 1441 3744 nonem,

308 3763 422 3847 quibus
445 3781 547 3828 sermo
570 3765 620 3827 ost
642 3762 682 3828 de
705 3765 891 3843 commeatu,
915 3782 1008 3845 quern
1023 3763 1147 3829 Plinius
1162 3783 1181 3830 a
1196 3765 1333 3831 Traiano
1348 3766 1439 3847 petit.

309 3868 402 3953 Quod
426 3867 480 3950 qni
503 3886 566 3932 non
588 3869 744 3948 oeoupata
758 3869 864 3931 mente
880 3867 1138 3948 oonsideraverit,
1162 3867 1315 3934 fatebitur
1328 3870 1439 3935 harum

306 3971 510 4053 epistolarum
550 3970 661 4036 seriem
696 3972 872 4050 temporum
907 3968 1046 4036 ordinem
1080 3971 1171 4054 sequi
1204 3972 1318 4054 quibos
1352 3975 1441 4039 ortae

306 4079 388 4140 sunt.
436 4073 587 4158 Quintam
617 4077 721 4139 autern
751 4073 949 4156 quoniame.
974 4079 1015 4138 98
1037 4074 1189 4156 seriptam
1213 4093 1283 4141 esse
1305 4078 1440 4157 constat,

308 4182 409 4258 sexta,
434 4179 579 4258 septima,
604 4177 727 4242 deoima
749 4176 838 4242 brevi
859 4178 934 4259 post
955 4180 1085 4243 seoutae
1107 4197 1177 4243 esse
1193 4178 1351 4260 videntur,
1375 4179 1442 4245 vari

306 4281 408 4346 simile
436 4285 485 4345 ost
513 4280 664 4361 epistolas
691 4297 728 4344 eo
751 4280 860 4344 ordine
883 4298 945 4362 quo
967 4279 1061 4345 hodie
1083 4281 1232 4362 leguntur
1254 4282 1299 4364 (5.
1318 4288 1347 4347 6.
1364 4289 1393 4346 7.
1410 4288 1440 4347 8.

308 4390 338 4447 9.
357 4385 420 4464 10.)
444 4403 471 4447 a.
497 4389 537 4446 98
561 4401 631 4448 esse
655 4383 855 4465 compositos.
894 4382 949 4465 (of.
973 4377 1171 4450 Asbaohinm
1193 4404 1224 4466 p.
1248 4385 1315 4466 40.)
