3228 5090
642 467 836 529 ,3-

172 647 328 716 fessumm
365 647 479 716 fuIsse:
516 649 618 718 noluit
655 653 741 718 certe
777 653 861 720 hanc
899 652 1102 720 severitatem
1134 652 1253 720 ordior·
1287 671 1307 718 a

170 751 350 834 legentibus
373 753 563 835 exspectari.

257 855 309 921 De
330 854 419 921 libris
443 858 548 922 autem
571 855 775 939 epistolarum
797 859 859 924 hoo
874 877 915 924 ex
933 858 1036 941 prima
1050 859 1158 926 statim
1173 875 1306 940 cognos-

171 957 263 1040 citur,
297 979 360 1026 non
393 977 457 1026 nna
490 979 597 1026 omnes
629 959 737 1041 libros,
772 960 826 1043 qui
849 961 943 1027 hodie
965 963 1124 1044 leguntur,
1159 960 1305 1028 aPlinio

171 1064 319 1144 vulgatos
357 1081 440 1130 esse:
481 1064 649 1130 nonnullas
687 1064 839 1146 epistolas
877 1066 1040 1147 neglectas
1077 1066 1181 1133 iacere
1218 1065 1305 1147 dicit,

171 1185 250 1250 quas
273 1170 386 1251 postea
408 1169 440 1233 et
461 1167 549 1249 ipsas
572 1167 679 1248 colligi
702 1170 735 1233 et
756 1167 818 1234 iam
842 1168 936 1234 editis
960 1169 1034 1234 addi
1055 1188 1150 1251 posse
1169 1167 1305 1236 indicat:

170 1289 273 1353 neque
295 1289 372 1336 vcro
394 1271 427 1336 in
450 1289 487 1337 co
510 1273 560 1336 est
582 1272 617 1336 ut
638 1269 733 1336 finem
755 1269 854 1336 faciat
877 1272 1028 1353 epistolas
1051 1271 1220 1353 scribendi,
1249 1272 1306 1336 sed

169 1377 262 1455 parte
295 1374 382 1440 edita
414 1392 485 1440 eum
518 1374 698 1456 perrexisse
731 1374 764 1441 in
797 1375 859 1440 hac
891 1375 1120 1443 consuetudine
1147 1373 1307 1440 scribendi

169 1479 312 1542 extrema
335 1478 470 1560 epistola
491 1477 584 1543 fidem
607 1476 694 1558 facit,
724 1481 761 1543 ut
783 1479 945 1544 materiem
974 1479 1167 1545 edendarum
1189 1479 1306 1562 episto·

167 1580 269 1647 larum
294 1581 389 1646 etiam
412 1584 524 1664 postea
539 1582 719 1648 accrevisse
733 1585 896 1664 appareat.
932 1585 1048 1667 Itaque
1064 1581 1174 1665 quaeri
1188 1582 1305 1663 potest,

169 1701 308 1749 unumne
329 1683 443 1750 librum
466 1683 602 1750 ediderit
627 1685 771 1766 prtmum,
807 1704 847 1750 an
874 1686 982 1767 plures
1005 1686 1200 1766 coniunctos,
1224 1688 1257 1750 et
1279 1683 1307 1748 si

168 1786 238 1867 hoc,
273 1789 351 1871 quot
382 1787 416 1853 in
453 1807 549 1854 unum
583 1788 733 1854 collectos
759 1788 895 1870 primum
928 1787 1110 1870 publicasse
1136 1807 1208 1854 cum
1234 1805 1306 1869 pro·

168 1887 274 1956 babile
297 1891 349 1956 sit.

254 1992 327 2059 Non
349 2012 457 2060 omnes
472 1994 569 2061 libros
584 2014 648 2061 una
664 1994 801 2061 edidisse
816 1994 955 2060 Plinium
971 1995 1067 2060 etiam
1083 1996 1144 2061 hoc
1160 1994 1306 2075 exemplo

168 2099 370 2178 monstratur,
394 2116 456 2180 quo
480 2116 557 2164 usus
580 2101 630 2164 est
644 2098 874 2164 Mommsenus:
899 2117 981 2180 quac
1004 2099 1087 2163 enim
1102 2099 1253 2180 leguntur
1273 2097 1307 2162 111

168 2218 218 2281 ep.
241 2201 293 2267 IX
309 2206 348 2265 19
372 2202 529 2286 aipaificoa
552 2203 659 2286 lepicoc
682 2214 711 2268 10
732 2205 768 2268 o'a
790 2203 928 2288 quadam
952 2204 1084 2288 epistola
1099 2223 1166 2266 mec
1180 2203 1307 2267 iacuisse

178 2301 359 2389 raptatum
374 2304 496 2391 Rufum
510 2304 644 2370 inscribi
653 2306 793 2391 sepulcro
809 2327 883 2372 coo.
903 2353 909 2368 .
927 2354 935 2370 .
957 2306 1078 2387 scripta
1090 2322 1161 2372 esse
1173 2306 1307 2388 apparet

167 2409 376 2491 posteaquam
398 2407 478 2474 liber
499 2410 610 2474 sextus
632 2408 695 2475 iam
717 2408 844 2491 prodiit,
868 2408 901 2474 in
923 2409 1014 2475 cuius
1030 2409 1165 2491 epistola
1183 2408 1307 2476 decima

171 2510 211 2577 de
232 2509 286 2577 illo
309 2510 382 2578 Rufi
404 2512 493 2580 iussu
515 2512 615 2578 verba
637 2511 715 2579 fecit
736 2513 870 2580 Plinius.

256 2612 321 2680 Sed
353 2617 390 2680 ut
422 2615 602 2682 accuratius
635 2615 669 2682 in
702 2635 772 2682 eam
804 2635 870 2682 rem
897 2615 1103 2698 inquiramus
1133 2615 1209 2682 hinc
1235 2634 1306 2698 pro·

169 2717 374 2784 ficiscendum
391 2721 449 2801 est,
474 2720 567 2803 quod,
584 2739 676 2803 quem
694 2721 915 2802 proconsulem
929 2720 1095 2786 Baeticam
1109 2719 1306 2803 provinciam

169 2840 228 2903 per
249 2821 394 2888 Ticinum
422 2823 596 2905 petiturum
623 2823 743 2904 scribit,
778 2822 968 2890 Calestrium
992 2823 1150 2903 Tironem,
1175 2823 1242 2887 VII
1266 2829 1305 2888 16

170 2927 203 2990 01
217 2925 391 2992 Mediolani
414 2945 484 2993 cum
500 2926 624 2993 Fabato
647 2945 756 2994 socero
771 2927 869 2992 Plipii
892 2927 1073 2993 constitisse
1088 2927 1156 2993 VII
1169 2933 1209 2991 23
1226 2923 1305 3011 (32),

173 3029 307 3094 eundem
335 3028 415 3095 libro
437 3031 523 3096 IX5
553 3030 702 3096 admonet
724 3032 760 3095 ut
781 3029 935 3094 iustitiam
963 3028 1212 3111 provincialibus
1236 3048 1306 3094 oum

169 3131 367 3198 humanitate
379 3133 597 3198 commendare
608 3136 800 3214 perseveret.
817 3132 911 3198 Unde
922 3131 999 3197 lIcet
1009 3131 1146 3198 fortasse
1158 3132 1307 3212 colligere

169 3235 228 3301 hos
251 3238 316 3301 tres
349 3235 446 3302 libros
469 3237 547 3302 VII.
572 3237 668 3302 VIII.
692 3237 752 3302 IX.
781 3235 892 3324 eodem
925 3254 1007 3301 anno
1035 3255 1054 3300 a
1076 3235 1180 3300 Plinio
1214 3235 1308 3300 simul

168 3337 201 3404 iu
224 3340 340 3421 vulgus
367 3339 470 3406 editos
492 3358 571 3405 esse.
617 3339 728 3421 Atque
755 3357 870 3420 corpus
898 3339 1009 3403 horum
1040 3339 1135 3404 trium
1157 3337 1307 3405 librorum

169 3445 202 3508 et
223 3444 456 3525 segregandum
479 3462 498 3509 a
520 3462 578 3509 sex
600 3441 757 3525 prioribus
785 3445 817 3508 et
838 3443 912 3524 post
933 3442 1004 3507 illos
1034 3441 1165 3508 emissos
1187 3441 1308 3525 publIci

170 3546 248 3612 iuriS
275 3545 395 3613 factum
424 3565 495 3613 esse
523 3546 726 3614 confirmatur
748 3565 797 3628 ep.
821 3546 891 3612 VH
907 3551 957 3612 28.
1003 3543 1055 3610 lbi
1076 3545 1158 3610 enIm
1182 3545 1306 3610 Plinius

169 3669 190 3716 a
212 3649 353 3732 Septicio
376 3650 492 3717 certior
513 3649 618 3716 factus
641 3649 794 3732 quosdam
817 3667 852 3714 se
874 3647 1125 3730 reprehendisse,
1155 3649 1239 3731 quod
1262 3667 1303 3713 cx

170 3754 254 3821 omni
288 3754 454 3822 occasione
487 3755 571 3821 ultra
604 3754 731 3820 modum
764 3753 874 3819 landet
906 3753 1034 3833 amicos,
1069 3771 1104 3818 se
1132 3771 1306 3835 agnoscere

170 3846 298 3940 crimen,
322 3858 471 3941 amplecti
494 3857 589 3925 etiam
612 3858 699 3939 dicit,
724 3876 794 3924 oum
817 3857 896 3922 nihil
917 3859 1011 3938 putet
1025 3857 1189 3923 honestius
1212 3858 1306 3938 culpa

168 3960 384 4043 benignitatis.
420 3961 508 4046 Quos
530 3962 673 4028 homines
696 3979 825 4028 causam
841 3961 1093 4042 reprehendendi
1107 3981 1149 4026 ex
1164 3960 1306 4042 epistolis

169 4063 369 4150 potissimum
402 4065 589 4148 etquidem
623 4064 773 4130 librorum
795 4066 906 4130 I-VI
938 4063 1059 4146 petisse
1085 4062 1250 4146 probabile
1271 4061 1308 4128 fit

175 4169 233 4235 has
256 4185 298 4233 cx
319 4186 436 4249 magna
458 4168 550 4250 copia
572 4168 776 4250 depromptas
797 4167 994 4248 inspicienti:
1017 4168 1106 4244 114;
1136 4172 1185 4232 16.
1219 4167 1256 4232 ΙΙ
1272 4173 1307 4248 9;

172 4278 221 4339 10.
256 4263 961 4352 1112;s.1vo;15;aav17;21.
997 4271 1129 4346 V111;
1164 4273 1219 4346 21;
1251 4274 1307 4351 235

170 4380 227 4452 203
250 4379 302 4442 84.

1153 4467 1187 4526 1*
