3228 5090
779 457 994 518 ..15-

320 657 447 704 causam
482 639 565 724 quod
600 658 627 706 0.
663 647 703 706 98
739 639 777 706 L.
806 640 908 706 Iulius
935 641 1038 706 Ursus
1066 639 1239 707 Servianus
1271 641 1456 725 provinciae

318 742 500 825 praefuerit.
517 747 633 828 Itaque
645 748 778 827 apparet
790 747 846 810 eut
856 746 998 810 nostrum
1008 745 1154 811 Priscum
1165 765 1229 812 non
1239 746 1372 812 eundem
1384 765 1455 812 esse

319 865 357 914 ac
375 847 572 930 praefectum
588 848 772 915 Pannoniae
793 851 849 914 aut
864 848 1030 915 Neratium
1046 849 1191 914 Priscum
1213 849 1454 932 intelligendum

318 949 373 1031 ita,
408 954 444 1017 ut
478 970 549 1017 eum
571 953 737 1018 Asbaehio
771 953 947 1018 deame
982 952 1167 1034 cogitemus,
1213 951 1292 1020 Oum
1316 972 1391 1019 vero
1414 972 1455 1019 011

319 1054 454 1137 epistole
475 1057 554 1121 illud
576 1059 699 1122 tantum
723 1057 891 1138 colligetur
916 1057 1002 1122 hunc
1025 1057 1064 1122 de
1087 1076 1149 1141 quo
1172 1060 1288 1138 agatur
1310 1057 1454 1123 Priscum

318 1160 395 1223 tunc
418 1159 590 1226 exercitum
618 1159 845 1242 amplissimum
879 1159 1001 1225 rexisse
1023 1162 1119 1243 atque
1151 1160 1296 1242 iamper
1327 1159 1454 1242 longius

318 1262 468 1343 temporis
484 1263 619 1345 spatium
637 1263 826 1345 magistratu
847 1262 990 1329 functum
1011 1283 1089 1344 esse,
1113 1283 1176 1330 non
1191 1263 1294 1344 video,
1318 1282 1454 1347 quonam

318 1365 386 1430 iure
422 1366 509 1432 docti
546 1367 586 1432 de
619 1367 751 1432 Neratio
789 1367 899 1432 Prisco
937 1371 969 1432 et
1011 1368 1050 1432 de
1086 1366 1252 1449 provincie
1288 1367 1454 1432 Pannonia

318 1467 539 1550 cogitaverint.
563 1473 665 1536 Immo
682 1470 829 1553 quoniam
845 1489 943 1552 supra
958 1472 1207 1536 demonstratum
1223 1473 1273 1536 est
1288 1470 1453 1553 epistolem

317 1571 389 1637 libri
414 1573 544 1639 alterius
572 1574 724 1639 decimam
753 1573 879 1638 tertiam
907 1569 970 1638 non
992 1593 1088 1656 00000
1111 1575 1262 1656 scriptam
1290 1591 1360 1638 0000
1382 1575 1455 1655 0001

318 1694 367 1758 ep.
392 1677 432 1742 ad
448 1677 533 1744 Trai.
551 1684 581 1758 4,
605 1679 666 1743 hoo
682 1679 731 1743 est
745 1682 819 1759 0001
833 1697 861 1743 a.
880 1683 930 1757 98,
947 1678 1123 1742 cavendum
1140 1680 1243 1742 estne
1259 1676 1434 1758 argument

318 1780 516 1846 extrinsecus
544 1782 576 1845 in
606 1782 757 1863 epistolas
784 1781 881 1847 illatis
904 1782 976 1863 plus
999 1780 1175 1846 tribuamus
1198 1780 1272 1846 fidei
1294 1798 1387 1864 quam
1414 1779 1453 1844 110

319 1901 401 1965 quae
425 1883 566 1965 01110010
590 1883 733 1965 epistolis
756 1883 840 1950 effici
861 1886 1004 1966 possunt.

224 1999 293 2043 1114
406 1986 584 2075 Epistolam
626 1987 698 2052 libri
735 1988 865 2052 alterius
908 1987 1061 2052 decimam
1100 1990 1243 2070 quartem
1281 1986 1454 2068 posteriore

318 2091 460 2171 tempore
475 2108 568 2173 quam
585 2092 670 2172 quod
686 2109 726 2155 ex
740 2091 930 2155 Mommseni
945 2089 1067 2155 ratione
1083 2089 1218 2156 efficitur
1233 2087 1274 2176 (a.
1292 2087 1453 2175 97—100)

319 2197 418 2259 ortam
436 2213 515 2276 0000,
531 2195 648 2259 Petrus
664 2193 708 2277 (p.
726 2194 814 2276 707),
831 2194 914 2277 quod
930 2193 1078 2275 Plinium,
1103 2194 1157 2277 qui
1176 2194 1239 2259 illis
1260 2193 1453 2276 temporibus

319 2314 418 2362 annos
440 2296 507 2363 fere
529 2297 663 2379 triginta
685 2299 806 2379 septem
830 2299 882 2362 vel
906 2299 976 2363 octo
992 2300 1087 2363 uatus
1103 2300 1181 2379 0101,
1204 2297 1325 2363 dixisse
1340 2297 1455 2362 statuit

319 2417 353 2465 00
375 2401 524 2470 maiorem
547 2404 626 2466 natu
648 2421 728 2483 esse,
753 2400 833 2466 falso
856 2401 1004 2482 opinatus
1028 2403 1085 2468 est.
1131 2401 1254 2467 Plinius
1276 2401 1359 2467 enim
1383 2419 1453 2466 cum

319 2506 469 2586 queratur
492 2506 575 2588 quod
599 2505 736 2571 audaces
760 2507 855 2588 atque
871 2504 997 2570 obscuri
1012 2503 1243 2570 adulescentuli
1264 2504 1298 2569 in
1314 2506 1454 2570 centum·

318 2606 471 2672 vinalibus
494 2608 599 2674 causis
621 2609 837 2674 inreverenter
860 2611 892 2672 et
914 2611 1032 2674 temere
1054 2611 1161 2690 agant,
1190 2608 1274 2692 quod
1296 2607 1454 2689 prioribus

318 2710 513 2792 temporibus
539 2712 635 2793 longe
662 2712 754 2777 aliter
781 2731 815 2776 00
848 2710 998 2777 habuisse
1021 2711 1140 2793 scribit,
1174 2712 1208 2777 in
1231 2731 1269 2777 00
1296 2711 1455 2777 sententia

318 2814 398 2880 haee
424 2815 522 2880 verba
547 2816 655 2897 posuit
688 2829 720 2880 01
747 2818 871 2882 bernole
904 2829 977 2882 ante
1004 2820 1185 2882 memoriane
1217 2840 1317 2883 menn
1343 2818 1454 2882 —n'ta

319 2921 450 2984 01010000
483 2931 562 2986 notu
588 2921 686 2985 001001
715 2922 879 2986 1110010-
904 2943 943 2985 ne
971 2919 1172 2984 nobilissimis
1201 2921 1327 3005 quidem
1350 2921 1454 2985 adole·

318 3021 471 3087 scentibne
487 3025 570 3088 locus
587 3025 742 3103 01000101
755 3025 862 3109 aliquo
877 3023 1038 3087 eonenlnra'
1051 3024 1249 3108 producente.
1283 3021 1456 3106 Quaeritur

318 3122 417 3206 igitur
439 3144 502 3208 qua
523 3126 646 3191 ratione
669 3125 855 3207 accipienda
878 3125 1016 3190 0111111Ιο
1037 3130 1091 3189 na
1109 3127 1242 3191 10010100
1262 3126 1455 3191 0010101001

319 3230 433 3294 dicere.
463 3228 554 3313 Quae
570 3228 733 3294 Gesnerus
748 3228 794 3294 ita
809 3229 1036 3310 interpretatur
1059 3228 1133 3293 ‘hoc
1149 3229 1231 3294 vult:
1247 3247 1311 3294 non
1326 3228 1381 3293 diu
1396 3229 1454 3308 est,

320 3333 392 3396 utor
407 3332 498 3413 enim,
522 3333 572 3398 vir
593 3333 717 3398 iuvenis
734 3333 847 3413 adhuc,
872 3351 909 3397 ea
924 3330 1068 3413 formula,
1093 3351 1156 3414 qua
1171 3331 1218 3396 uti
1233 3333 1337 3397 solent
1351 3349 1452 3411 senes,

320 3452 390 3500 cum
424 3438 549 3517 tempus
577 3455 640 3502 non
674 3435 728 3501 diu
750 3436 957 3518 praeteritum
992 3439 1097 3500 01100
1130 3454 1232 3516 nuper
1263 3436 1388 3501 demum
1420 3435 1454 3498 in

320 3537 459 3603 deterius
482 3542 620 3605 mutatas
643 3538 784 3605 indicare
807 3540 938 3620 volunt‘,
962 3538 1014 3604 cui
1030 3537 1193 3620 Gierigius
1216 3537 1454 3604 0101100101100

320 3640 429 3708 obiicit
451 3640 615 3708 formulam
639 3644 723 3708 ‘ante
746 3643 937 3708 memoriam‘
960 3662 1023 3708 non
1045 3641 1144 3708 fuisse
1167 3661 1276 3710 senum
1299 3641 1452 3724 poprium,

319 3747 425 3810 tamen
458 3765 521 3811 non
548 3749 634 3812 reete
668 3747 841 3813 orationem
863 3745 897 3814 iu
924 3746 1009 3811 hune
1042 3746 1168 3811 modum
1196 3744 1346 3812 formavit
1369 3747 1452 3811 ‘ante

319 3849 500 3915 memoriam
523 3869 624 3915 meam
648 3850 781 3915 maiores
808 3852 887 3915 natu
913 3848 958 3914 ibi
980 3849 1086 3914 dicere
1113 3850 1212 3932 (apud
1240 3849 1453 3915 centumviros

320 3952 429 4036 egere)
445 3952 598 4035 solebant,
616 3955 648 4018 et
662 3972 702 4018 ne
714 3952 917 4018 nobilissimis
933 3953 1059 4035 quidem
1075 3955 1107 4018 01
1122 3972 1151 4035 q.
1168 3955 1204 4018 s‘
1237 3955 1340 4020 Immo
1355 3951 1454 4019 verba

318 4061 365 4122 ita
388 4061 520 4126 0010101
543 4069 621 4122 narn
642 4059 742 4123 001001
761 4059 864 4136 dicere
879 4055 1067 4138 interposita
1089 4061 1164 4122 sunt
1186 4057 1243 4122 sed
1259 4057 1315 4138 ita,
1330 4059 1367 4122 ut
1382 4075 1453 4122 cum

213 4151 221 4166 '
319 4159 521 4241 Heusingero
555 4158 721 4225 referenda
760 4159 826 4224 sint
866 4160 906 4224 ad
941 4160 1141 4242 insequentia
1177 4184 1216 4227 ne
1252 4160 1454 4226 nobilissimis

321 4264 456 4348 000100.
490 4263 615 4328 Plinius
639 4262 720 4326 enim
743 4280 807 4326 non
829 4262 928 4327 trudit
950 4281 1032 4346 quae
1054 4262 1124 4344 ipse
1143 4262 1276 4343 viderat,
1300 4263 1357 4328 sed
1373 4280 1454 4346 quae

320 4383 339 4429 a
362 4364 532 4431 maioribus
554 4367 633 4430 netu
656 4368 832 4447 acceperet.
1267 4389 1270 4396 ·
