3228 5090
785 441 999 502 ..26-

325 623 388 690 Sed
422 623 513 689 nobis
546 624 579 688 iu
612 643 661 706 ep.
691 625 762 688 Va
798 625 877 689 nillil
910 624 1036 690 uidetur
1067 624 1182 705 inesse,
1217 644 1258 690 ex
1291 643 1353 707 quo
1379 624 1457 691 satis

323 726 530 808 probabiliter
562 727 719 793 elfieiatur
741 727 879 792 Plinium
913 728 943 793 id
973 727 1057 811 quod
1091 728 1226 795 voluerit
1252 747 1286 792 re
1313 747 1390 794 vera
1411 726 1457 795 in·

324 830 480 896 stituisse:
515 831 608 895 immo
632 849 703 896 oum
725 830 850 896 interim
874 830 1052 896 advocandi
1074 830 1198 896 veniam
1221 833 1321 913 petat,
1346 831 1457 898 eredas

324 953 395 998 eum
417 934 449 999 iu
473 933 650 999 aetionibus
666 953 728 1000 non
743 935 844 1000 solum
860 934 993 1015 agendis
1008 953 1118 1000 verum
1134 934 1230 1000 etiarn
1245 933 1456 1000 rescribendis

323 1037 512 1119 perrexisse,
528 1036 574 1102 ita
590 1041 625 1102 ut
640 1039 681 1103 ad
695 1038 859 1103 historiam
875 1039 1123 1120 componendam
1139 1057 1311 1120 eggressus
1326 1057 1388 1104 non
1404 1037 1456 1104 sit.

291 1188 296 1198 .
409 1141 593 1224 Ep.V14‚
621 1161 685 1225 qua
706 1142 830 1208 Plinius
852 1141 968 1209 Pontio
1002 1141 1113 1208 scribit
1134 1141 1196 1207 sibi
1227 1142 1261 1207 in
1287 1141 1457 1224 municipio

324 1246 465 1312 versanti
498 1246 676 1311 nuntiatum
706 1265 777 1312 esse
799 1244 973 1312 Cornutum
996 1246 1171 1311 Tertullum
1199 1245 1271 1312 viae
1299 1245 1459 1312 Aemiliae

325 1369 431 1415 euram
456 1350 627 1432 accepisse,
653 1369 723 1415 oum
747 1351 827 1416 haee
848 1350 997 1431 legantur
1019 1347 1075 1435 §8
1099 1375 1185 1416 erem
1208 1373 1276 1414 cem
1297 1373 1461 1436 prosocero

279 1463 282 1472 ⁴
323 1477 399 1536 eree,
423 1477 508 1519 eram
531 1477 599 1518 runt
623 1457 720 1518 emite
743 1457 862 1534 neoris,
887 1477 973 1520 eram
988 1477 1057 1518 eune
1073 1455 1183 1518 amieis
1198 1454 1255 1517 diu
1271 1455 1461 1518 desideretis

323 1557 394 1622 lune
418 1556 534 1622 elarius
568 1559 618 1622 est
639 1557 718 1622 illud
750 1557 954 1639 munioipium
979 1554 1011 1642 (ξ
1037 1555 1068 1642 1)
1103 1575 1175 1623 esse
1198 1554 1343 1637 Comum,
1364 1555 1463 1622 Plinii

324 1665 357 1726 et
380 1660 494 1726 Pabati
516 1661 661 1742 patriam.
708 1661 845 1727 Amioos
864 1664 968 1727 autern
991 1679 1071 1744 quos
1094 1660 1172 1726 dinit
1186 1662 1302 1730 Petrus
1322 1657 1366 1744 (p.
1384 1658 1460 1740 tos)

324 1784 378 1830 eos
402 1783 471 1829 esse
498 1767 592 1847 putat
618 1765 680 1848 ·qui
707 1784 726 1830 a
749 1765 931 1832 Domitiano
959 1765 1102 1846 relegati,
1137 1765 1287 1830 allerua
1319 1763 1463 1830 revoeati

324 1869 401 1933 sint:
425 1887 518 1951 quarn
543 1868 582 1933 ob
606 1888 670 1934 rem
695 1869 859 1951 epistolem
881 1888 909 1934 a.
929 1875 992 1933 105
1006 1869 1059 1934 vel
1075 1875 1135 1933 106
1158 1865 1212 1954 (el.
1229 1869 1460 1934 Mommsenum

324 1973 369 2036 de
391 1971 469 2037 libro
498 1970 624 2058 quinto)
657 1973 808 2055 seriptum
837 1991 907 2037 esse
934 1969 1075 2053 negavit,
1110 1972 1188 2055 quie
1219 1970 1369 2038 credibile
1396 1988 1461 2036 uon

323 2075 583 2155 esset,Pliuiuu1·
608 2079 679 2142 ooto
708 2077 805 2144 annis.
833 2079 907 2158 post
929 2075 1068 2141 Nervam
1103 2078 1260 2141 mortuum
1283 2071 1460 2160 (ee—106)

323 2199 386 2244 una
399 2177 496 2244 luisse
513 2198 582 2244 oum
597 2180 707 2245 amieis
719 2180 779 2245 iarn
794 2179 834 2245 ab
848 2180 901 2245 illo
913 2180 1057 2262 principe
1070 2179 1236 2245 revooatis.
1251 2177 1315 2244 Sed
1328 2177 1457 2258 amieos,

323 2282 437 2366 quibus
453 2281 544 2349 Comi
559 2284 717 2364 utebatur,
734 2286 818 2368 quod
835 2304 854 2350 a
869 2303 903 2349 se
919 2287 976 2349 die
997 2287 1191 2350 desideratos
1206 2282 1293 2364 diolt,
1310 2301 1374 2348 non
1389 2301 1459 2348 eam

323 2405 450 2452 eausam
475 2386 572 2452 habet
594 2407 688 2471 quam
711 2388 764 2452 ille
787 2387 873 2454 dieit.
912 2388 944 2454 U
980 2387 1061 2453 enim
1087 2407 1126 2453 ex
1150 2386 1256 2452 uerbis
1278 2405 1361 2470 quae
1383 2387 1459 2451 sum

323 2509 371 2572 ep.
396 2491 480 2556 IVl
516 2495 603 2576 eopia
628 2494 891 2577 poattoupum
925 2505 1065 2578 tempas
1092 2505 1214 2578 neptem
1244 2503 1329 2556 tuem¹
1350 2512 1459 2575 meque

322 2619 386 2658 eene
419 2596 526 2660 uidere
559 2592 759 2659 manifestum
795 2597 843 2660 est
876 2593 1014 2660 Plinium
1048 2594 1150 2660 rarius
1177 2594 1209 2660 in
1233 2593 1370 2676 patriam
1404 2611 1459 2658 ex·

324 2696 509 2778 ouourrisse,
533 2697 579 2762 ita
601 2716 685 2763 nuno
708 2697 898 2763 desiderium
921 2699 989 2764 eius
1011 2698 1214 2780 agnoseimus
1236 2717 1298 2781 quo
1321 2699 1457 2776 tenetur,

323 2802 504 2881 amisorum,
528 2819 607 2884 qnos
629 2801 685 2865 diu
706 2820 769 2867 non
793 2801 926 2882 viderat,
955 2801 1184 2868 eonsuetudine
1206 2819 1315 2867 rursus
1337 2799 1457 2866 uteneli.

291 2952 295 2961 .
403 2905 586 2986 ‘Epistulam
609 2904 683 2969 libri
704 2905 806 2988 quinti
830 2905 983 2970 desimam
1007 2905 1148 2988 quintam
1172 2909 1247 2970 ante
1269 2921 1340 2986 epp.
1358 2905 1458 2984 1V33

326 3014 364 3074 18
399 3008 550 3090 seriptum
585 3027 664 3089 esse,
704 3008 813 3074 dubito
846 3027 941 3092 quarn
979 3012 1066 3074 neoto
1099 3010 1215 3074 Petrus
1242 3005 1456 3072 affirmaverit.

324 3113 445 3194 Agitur
467 3112 518 3176 his
540 3112 682 3193 epistolis
717 3113 756 3177 de
778 3113 902 3194 graecis
925 3112 1015 3177 Arrii
1038 3112 1195 3178 Antonini
1221 3109 1460 3194 epigrammatis

324 3235 405 3299 quae
421 3216 519 3281 latine
534 3216 676 3281 imitatus
693 3219 743 3281 est
757 3217 889 3282 Plinius
913 3217 1036 3299 'Atque
1050 3216 1183 3298 primum
1201 3216 1242 3282 ad
1261 3213 1457 3280 Antoninum

323 3319 489 3400 epistolam
512 3319 597 3383 tva
622 3319 709 3384 dedit
731 3320 771 3384 de
794 3319 861 3384 eius
882 3319 1129 3401 epigrammatis,
1152 3320 1184 3385 id
1201 3319 1285 3402 quod
1300 3317 1458 3384 affirmare

322 3423 397 3488 lieet
425 3424 477 3488 vel
499 3423 538 3487 iis
565 3442 647 3506 quae
681 3425 831 3505 leguntur
857 3420 876 3508 ξ
900 3430 919 3487 3
953 3427 999 3487 ite
1022 3436 1193 3490 cerretum
1216 3425 1456 3508 adfeonaipee,

323 3549 391 3591 rem
411 3549 524 3610 praeeo
558 3531 785 3612 epigrammata
808 3539 872 3608 tua,
907 3549 976 3591 enm
997 3527 1113 3592 iambos
1145 3531 1288 3612 proxime
1316 3529 1456 3612 legerem,

322 3629 383 3711 up.
408 3629 459 3695 IV
477 3636 515 3693 18
539 3632 643 3695 autern
668 3649 738 3696 oum
763 3629 885 3696 Plinius
909 3630 1011 3696 eidem
1038 3631 1118 3696 haee
1140 3629 1259 3696 smibat
1293 3627 1391 3710 Quem
1414 3631 1458 3694 ed

322 3735 447 3798 modum
475 3738 576 3818 tuapte
603 3735 778 3820 approbare
802 3735 859 3799 ebt
873 3757 1018 3820 -poseum,
1052 3747 1245 3821 quantopere
1270 3737 1369 3800 mirer·
1392 3736 1457 3820 epi·

320 3849 497 3921 momentote
521 3849 574 3901 tue
595 3860 719 3921 praeeo,
743 3860 837 3923 qaam
860 3839 944 3924 quod
967 3840 1122 3924 quaedam
1140 3839 1241 3904 latine
1256 3839 1413 3903 aemulari
1426 3849 1458 3903 et

322 3944 496 4026 reprimere
524 3941 695 4026 temptavi?
727 3939 887 4022 oolligitur
909 3939 1048 4005 Plinium
1081 3943 1159 4006 tuno
1191 3941 1326 4024 primum
1354 3940 1457 4006 amieo

322 4043 486 4110 nuntiasse
509 4063 543 4110 se
567 4044 796 4126 epigrammata
819 4045 886 4109 eius
909 4044 1035 4111 imitari.
1074 4041 1154 4110 Cum
1177 4045 1228 4110 his
1242 4044 1272 4110 sl
1286 4043 1457 4112 contuleris

219 4190 224 4200 ·
323 4167 405 4232 quae
427 4148 557 4213 ineunte
590 4167 641 4230 ep.
664 4149 752 4214 V15
773 4150 950 4213 ooourrunt
983 4171 1052 4214 cum
1078 4171 1185 4214 aereus
1212 4161 1279 4214 moe
1305 4150 1456 4230 aemulor,

323 4264 388 4316 tem
416 4256 548 4318 manime
582 4273 675 4337 quera
701 4255 766 4316 aiut
799 4251 871 4316 boni
896 4256 1042 4338 asperior·
1070 4249 1169 4330 tadilo
1196 4252 1354 4318 concedas
1373 4253 1457 4318 hane

323 4355 488 4437 epistolam
522 4357 596 4437 post
630 4373 688 4437 ep.·
703 4355 750 4421 IV
770 4361 809 4420 18
844 4357 944 4422 ortam
979 4373 1060 4436 esse,
1093 4355 1240 4438 quoniam
1275 4374 1324 4438 ep.
1348 4357 1400 4422 IV
1416 4361 1454 4422 ld
