3228 5090
777 459 993 520 -23-

320 668 366 710 mo
399 647 492 729 puori
523 647 670 728 magistro
703 655 854 708 uteretur.
900 642 964 706 Hie
997 641 1095 722 igitur
1116 640 1240 706 iuvenis
1263 659 1335 706 oum
1356 639 1454 705 Plinii

320 746 411 830 quasi
433 745 608 828 disoipulus
631 744 735 826 fuerit,
769 747 834 810 tam
868 745 956 809 artae
980 743 1217 809 consuetudinis
1239 743 1272 808 in
1296 762 1344 825 00.
1368 745 1450 808 vm

319 849 406 914 nulla
428 850 554 916 mentio.
600 852 714 932 Itaque
737 849 967 913 Mommsenum
990 843 1034 932 (p.
1053 847 1107 928 34)
1130 845 1233 912 000011
1255 846 1334 911 duos
1356 845 1454 912 Plinii

319 952 438 1018 amieos
460 954 675 1034 segregandos
698 971 768 1018 esse
791 950 988 1017 arbitramur.
1492 1037 1495 1042 Ι

406 1055 571 1122 Asbaolrio
584 1075 659 1122 vero
670 1059 793 1121 tantum
806 1054 897 1121 abest
908 1057 945 1119 01
960 1053 1126 1135 0010101010
1140 1056 1183 1137 (V
1197 1052 1251 1137 21)
1262 1056 1336 1135 0001
1348 1072 1377 1118 a.
1392 1059 1452 1118 108

320 1160 470 1242 scriptam
488 1180 558 1226 esse
575 1161 754 1240 eonoedam,
774 1161 809 1224 ut
825 1178 894 1224 eam
912 1158 1007 1223 etiarn
1024 1160 1098 1223 ante
1116 1176 1164 1239 ep.
1185 1160 1247 1224 Vl
1265 1160 1365 1225 ortam
1383 1175 1454 1222 esse

320 1262 481 1330 affirmem.
506 1261 605 1330 Cuius
617 1262 772 1345 opinionis
784 1265 972 1342 argumenta
984 1281 1024 1326 ex
1040 1279 1111 1343 epp.
1124 1263 1156 1327 V
1169 1266 1198 1336 7;
1211 1261 1229 1324 Ι
1241 1267 1270 1339 8;
1287 1261 1357 1324 116
1373 1261 1456 1343 peti·

320 1386 398 1433 mus.
423 1367 545 1449 1³}le
559 1367 682 1432 Plinius
695 1386 764 1432 oum
778 1363 917 1432 Calvisio
930 1364 1014 1430 Rufo
1028 1365 1238 1431 eommunicet
1249 1364 1455 1430 Saturninum

320 1475 475 1535 mortuum
489 1475 521 1535 01
538 1490 572 1536 00
589 1470 691 1552 ipsum
709 1471 855 1535 heredem
874 1469 1038 1551 reliquisse
1057 1471 1090 1532 01
1107 1468 1362 1551 praeoeptionem
1379 1486 1456 1550 qua·

321 1573 558 1654 dringentorum
571 1574 689 1638 milium
706 1573 751 1638 rei
767 1572 914 1654 publicae
928 1569 1075 1638 Comensi
1091 1572 1225 1639 dedisse.
1251 1570 1456 1637 Saturninum

320 1680 353 1742 01
386 1677 488 1758 ipsum
511 1674 697 1743 Comensem
731 1675 829 1742 fuisse
863 1695 904 1741 ex
926 1673 988 1760 §2
1023 1679 1157 1758 apparet
1190 1674 1245 1740 ubi
1277 1675 1358 1739 lraee
1380 1675 1458 1738 aiibi

322 1794 425 1846 autom
449 1783 591 1859 defuncti
612 1783 755 1846 00100100
778 1830 785 1845 .
810 1827 817 1842 .
842 1826 849 1842 .
874 1782 1038 1864 antiquior·
1058 1783 1128 1844 iure
1152 1791 1206 1860 001,
1231 1782 1343 1864 ulique
1363 1782 1398 1842 in
1421 1799 1457 1842 oo

321 1887 405 1971 quod
427 1886 469 1947 acl
492 1884 1215 1968 000000000010100000101100ου000.
1260 1881 1329 1946 Iam
1362 1881 1457 1944 Pom·

320 1988 391 2069 peio
408 1986 578 2052 Saturnino
594 1986 717 2051 Plinius
741 2005 804 2050 nna
826 2003 895 2050 oum
921 1986 1034 2066 0016
1063 1984 1235 2050 orationem
1259 1984 1356 2050 mittit
1371 1983 1457 2066 apud

320 2089 491 2157 Comenses
513 2090 664 2169 habitam,
689 2108 760 2154 oum
784 2088 1005 2153 bibliotlreeam
1022 2106 1090 2153 ase
1108 2088 1265 2154 conditam
1283 2087 1454 2153 dedicaret.

321 2193 424 2278 Quam
458 2195 590 2259 eandem
624 2193 796 2258 orationem
820 2211 890 2258 oum
916 2192 1038 2257 Plinius
1060 2192 1121 2257 iem
1146 2194 1220 2257 unte
1243 2192 1456 2258 adnotandam

320 2298 441 2362 miserit
474 2297 576 2362 amieo
609 2299 666 2377 (of.
689 2296 755 2376 §2
783 2300 940 2381 petiturus
961 2319 1028 2360 aum
1052 2299 1134 2361 enim
1156 2308 1191 2360 01
1212 2318 1346 2360 rursus
1367 2317 1457 2362 voces

320 2404 465 2481 sermoni,
496 2423 585 2486 quem
608 2402 695 2486 upurl
718 2403 887 2486 rrzuuicipoe
910 2399 1112 2470 mansitabat
1132 2398 1345 2466 bibliothecam
1368 2401 1459 2464 cledi-

321 2507 474 2586 caros-ue),
498 2502 592 2569 fuoile
614 2503 750 2569 sentitur
772 2504 989 2583 argumentum
1007 2500 1160 2567 sermonis
1176 2501 1243 2566 eius
1260 2501 1343 2567 modi
1358 2501 1458 2567 fnisse

320 2609 404 2692 quod
421 2607 624 2673 Saturninum
648 2626 742 2690 quam
766 2605 901 2670 maxime
925 2606 1107 2670 deleotaret.
1141 2605 1221 2670 Inde
1243 2609 1330 2672 reete
1346 2606 1458 2687 opinor

321 2710 484 2792 Glorigius
517 2710 628 2794 (Plinii
661 2709 814 2791 epistolae
849 2708 938 2789 Lips,
976 2714 1058 2773 1806
1087 2707 1180 2774 adh.
1203 2708 1241 2790 l.)
1276 2709 1458 2792 suspieatus

321 2817 370 2880 est
402 2816 487 2880 huno
508 2813 693 2895 Pompeium
716 2811 922 2878 Saturninum
956 2810 1055 2876 fuisso
1084 2808 1280 2878 Comensem.
1327 2815 1358 2876 A
1394 2830 1458 2895 quo

320 2936 384 2982 non
417 2918 552 2982 alionum
587 2935 657 2982 esse
691 2935 771 2996 eum,
803 2917 842 2980 de
865 2915 955 2980 ouius
977 2914 1105 2996 ingenio
1128 2918 1161 2979 01
1183 2915 1311 2996 seriptis
1333 2914 1458 2980 Plinius

321 3021 487 3103 epistolam
509 3021 579 3084 116
602 3019 720 3084 Erucio
743 3019 807 3099 dat,
843 3019 892 3082 vel
915 3017 989 3083 inde
1011 3017 1200 3098 intelligitur
1222 3017 1306 3101 quod
1328 3014 1458 3083 ineunte

321 3125 455 3206 epistola
488 3125 568 3188 haee
590 3123 739 3203 leguntur
761 3122 902 3186 amabam
926 3121 1107 3207 Pompeium
1132 3120 1353 3202 Saturninum,
1376 3124 1458 3186 launo

321 3231 392 3293 dico
425 3239 573 3291 nostrum.
620 3225 674 3291 Sio
707 3225 789 3289 enirn
824 3223 984 3290 ‘nostrum'
1020 3223 1080 3289 etsi
1106 3223 1229 3290 Plinius
1252 3222 1458 3310 Saturninum

322 3332 483 3412 appellare
505 3332 640 3411 poterat,
664 3329 749 3411 qruod
772 3347 809 3392 00
832 3327 932 3392 amieo
956 3325 1114 3407 utebatur,
1141 3329 1246 3393 tamen
1262 3325 1459 3408 probabilius

322 3437 380 3515 est,
415 3432 499 3516 quod
532 3433 592 3497 lroo
618 3432 710 3496 modo
733 3430 872 3513 loquitur
893 3433 974 3495 1000
997 3432 1066 3495 dico
1100 3443 1240 3496 nostram
1273 3431 1459 3512 popularem

322 3556 411 3602 suum
436 3535 578 3616 intellegi
601 3533 748 3599 voluisse.
793 3533 855 3598 Est
888 3532 970 3598 enim
997 3553 1038 3597 ex
1060 3551 1145 3598 more
1168 3533 1264 3598 Plinii
1287 3530 1459 3598 Comenses

322 3644 354 3705 01
367 3639 491 3705 omnino
505 3638 750 3719 Transpadanos
762 3637 822 3702 hoe
835 3637 926 3702 modo
939 3637 1109 3719 appellare.
1132 3636 1232 3702 Velut
1243 3655 1291 3719 00.
1304 3637 1372 3702 VIl
1384 3639 1460 3717 3l,4

326 3768 345 3807 a
370 3743 500 3810 Corellio
523 3755 642 3818 moutam
676 3742 780 3822 114‚4
811 3745 920 3826 patrio
954 3753 999 3806 eat
1021 3744 1050 3808 ei
1071 3741 1190 3805 Britain
1213 3764 1251 3807 00
1271 3743 1329 3806 iila
1351 3753 1460 3808 nostra

326 3846 437 3922 Italiu;
472 3864 521 3927 ep.
558 3845 604 3910 VI
621 3850 692 3925 34,1
734 3843 957 3910 Veronensibus
989 3848 1113 3909 uostris.
1170 3843 1278 3928 Quare
1310 3843 1459 3927 quoniam

326 3948 567 4031 epistolisV7;
592 3949 749 4024 183116
784 3948 823 4012 00
857 3945 1027 4012 Saturnino
1055 3943 1229 4013 Comensi
1262 3947 1378 4029 agitur,
1412 3948 1461 4014 010

324 4051 533 4118 iudicabimus
557 4049 771 4132 Saturninum,
795 4069 886 4133 quem
910 4049 1063 4132 epistolae
1085 4052 1134 4117 18
1158 4053 1191 4116 01
1214 4057 1253 4115 16
1274 4053 1459 4134 memorant,

325 4175 387 4221 non
411 4155 546 4221 alienum
570 4172 639 4219 esse
662 4152 778 4218 abillo
802 4153 840 4218 de
863 4153 953 4218 ouius
975 4155 1166 4218 testamento
1181 4171 1230 4235 ep.
1246 4155 1308 4219 Vr
1333 4154 1458 4223 dieitur.

326 4260 424 4325 Porro
458 4259 512 4342 qui
545 4259 618 4336 hoo,
654 4257 737 4338 quod
771 4257 976 4323 Saturninum
1010 4253 1195 4322 Comensem
1230 4257 1393 4323 historiam
1428 4262 1461 4325 at

326 4362 466 4444 earmina
499 4361 638 4426 seribere
672 4379 720 4441 ep.
744 4360 762 4423 I
787 4366 825 4424 16
861 4357 913 4444 (ἐξ
935 4367 966 4440 4,
991 4366 1019 4440 5,
1044 4357 1077 4444 6)
1111 4362 1256 4440 testatur,
1291 4362 1461 4428 contulerit
