3228 5090
783 468 993 526 ..12-

235 664 292 707 rm
404 650 617 716 Transeamus
645 650 686 716 cd
709 670 758 733 ep.
782 652 800 716 Ι
826 655 874 732 12,
909 671 973 734 qua
993 651 1118 717 Plinius
1141 647 1310 716 Corellium
1332 651 1453 718 Rufum

317 753 391 818 inde
423 752 463 818 ab
497 753 662 819 iuventute
695 754 883 835 gravissimo
911 754 1019 820 morbo
1054 753 1200 821 affectum
1229 757 1359 820 mortem
1393 756 1455 821 sibi

318 855 511 922 conscivisse
548 856 667 924 scribit.
726 858 828 941 Quem
862 858 986 923 Plinius
1018 861 1137 940 narrat,
1172 876 1243 923 cum
1280 859 1454 926 Domitiani

317 959 512 1041 temporibus
547 961 680 1026 adeum
716 961 749 1025 in
771 960 951 1025 suburbano
985 960 1141 1026 iacentem
1164 960 1315 1042 venisset,
1350 963 1396 1028 ita
1419 983 1454 1028 se

318 1063 488 1128 allocutum
513 1081 583 1128 esse
605 1061 638 1148 (ξ
662 1065 705 1144 8).
754 1063 818 1129 Gur
839 1087 886 1130 osa
918 1075 1012 1148 peetus
1033 1065 1086 1128 bos
1120 1076 1220 1129 tostos
1248 1067 1367 1130 dolores
1390 1079 1454 1130 tam

318 1169 374 1231 dise
397 1166 571 1232 sustinere?
603 1179 638 1231 eet
664 1170 782 1232 scilieet
815 1170 870 1230 e'ste'
892 1168 1011 1231 latroni
1043 1169 1091 1233 vel
1118 1189 1181 1232 uno
1216 1168 1267 1233 dte
1289 1173 1452 1254 supersim.

317 1268 369 1333 Ex
403 1268 442 1333 iis
469 1287 551 1350 quae
585 1269 735 1351 deinceps
763 1269 973 1352 insequuntur
1008 1271 1144 1334 dedisses
1173 1271 1243 1334 dole
1266 1273 1370 1335 animo
1392 1295 1454 1358 par

218 1407 222 1416 ·
317 1389 437 1458 corpus,
472 1376 594 1451 fecisset
620 1376 703 1459 qood
729 1373 865 1459 optabat.
894 1372 1001 1451 adfuit
1028 1384 1130 1440 tamen
1154 1376 1228 1439 deos
1250 1386 1331 1453 cot03
1366 1378 1453 1440 cuius

316 1476 370 1541 elle
393 1498 512 1561 compos
535 1487 570 1541 eet
591 1481 656 1541 a'om
679 1499 805 1542 secessus
820 1476 961 1562 liberque
977 1479 1158 1555 morituros,
1182 1478 1280 1542 multa
1296 1479 1355 1541 ede
1370 1480 1453 1542 citae

316 1580 371 1644 sed
385 1582 510 1643 minora
524 1581 700 1644 retinacula
712 1579 840 1663 abe-epit
855 1578 1015 1659 colligitur
1030 1579 1170 1644 noluisse
1186 1598 1257 1644 eum
1270 1579 1453 1646 Domitiano

317 1681 391 1747 vivo
414 1681 482 1746 vita
497 1682 659 1762 decedere,
684 1680 759 1764 quia
774 1682 814 1746 de
829 1681 932 1747 salute
948 1700 1076 1747 suorum
1091 1680 1224 1748 timebat
1238 1683 1295 1748 sed
1310 1684 1454 1766 principe

316 1783 370 1850 illo
404 1784 510 1850 occiso
543 1803 606 1850 non
641 1786 795 1850 moratum
834 1803 914 1865 esse,
949 1785 1116 1868 quominus
1151 1786 1342 1852 ‘retinacula
1368 1788 1454 1853 vitae

318 1887 542 1969 abrumperet‘.
590 1887 692 1972 Quem
726 1891 867 1954 tenorem
902 1889 1055 1970 epistolae
1089 1889 1144 1971 qui
1178 1908 1248 1954 cum
1281 1909 1358 1956 cura
1383 1911 1453 1972 per·

317 1991 459 2074 spexerit
480 2010 582 2075 neque
605 1993 782 2074 neglexerit
810 1993 894 2076 quod
916 1993 1056 2058 dolorem
1078 2012 1141 2059 non
1164 1993 1227 2059 ianr
1250 1995 1348 2076 pedes
1371 1996 1454 2061 solos

318 2099 353 2160 ut
367 2095 455 2176 prius
471 2096 526 2160 sed
541 2095 644 2161 omnia
656 2095 795 2161 membra
807 2114 981 2178 occupasse
997 2095 1119 2162 Plinius
1132 2096 1211 2161 dicit
1225 2094 1244 2182 ξ
1261 2103 1290 2178 6,
1303 2095 1456 2163 fatebitur

318 2198 483 2280 epistolam
506 2218 567 2264 non
593 2200 690 2265 multo
717 2202 791 2282 post
818 2199 1034 2265 Domitianum
1069 2200 1208 2266 occisum
1240 2201 1273 2265 id
1304 2203 1353 2266 est
1382 2204 1455 2282 post

318 2321 357 2366 m.
374 2300 462 2384 Sept.
480 2321 508 2367 a.
525 2309 565 2366 96
583 2306 683 2368 ortam
700 2323 779 2369 esse.
816 2302 1014 2369 Asbachium
1039 2307 1143 2370 autem
1162 2304 1306 2369 videmus
1326 2305 1455 2386 lougea

318 2424 393 2470 vero
408 2405 668 2489 aberrassequod
685 2404 855 2473 Corellium
872 2427 899 2473 a.
919 2414 979 2472 100
995 2427 1057 2472 non
1071 2409 1170 2472 solum
1183 2409 1386 2490 superstitem
1398 2410 1454 2474 sed

318 2509 412 2574 etlam
425 2509 546 2590 pariter
557 2527 628 2574 cum
641 2511 714 2577 Sex,
741 2511 823 2577 Iulio
835 2511 988 2577 Frontino
1000 2510 1129 2576 Traiani
1140 2511 1173 2575 in
1185 2512 1278 2577 tertio
1291 2513 1454 2578 consulate

318 2613 471 2694 collegam
495 2611 593 2680 fuisse
616 2614 763 2695 opinatus
787 2618 849 2680 est:
872 2635 946 2680 nam
962 2617 997 2679 ut
1012 2615 1140 2680 tertium
1156 2615 1285 2680 Traiani
1301 2615 1454 2697 collegam

319 2715 490 2796 mittamus,
524 2717 564 2782 de
598 2737 660 2800 quo
695 2718 773 2783 nibil
807 2719 887 2784 certi
920 2717 1049 2784 affertur
1083 2715 1136 2804 (cf.
1165 2717 1344 2785 Klebsium.
1368 2719 1452 2786 Mus,

318 2821 419 2887 Rhen.
442 2822 626 2890 XXXXlV
647 2841 678 2904 p.
703 2820 789 2908 274),
824 2842 906 2905 quae
940 2823 979 2888 de
1001 2822 1111 2888 Nerva
1137 2825 1314 2903 narrantur,
1350 2841 1454 2905 aquo

319 2921 473 2989 Corellius
485 2925 571 3006 agris
583 2925 723 2991 emendis
735 2926 978 3008 dividendisque
993 2924 1175 3008 praefectus
1187 2945 1257 2992 esse
1269 2945 1317 3008 ep.
1332 2927 1399 2992 VH
1412 2933 1451 2991 31

318 3025 453 3093 refertur
469 3030 501 3092 et
516 3029 603 3110 apud
618 3047 711 3112 quem
727 3029 809 3094 idem
826 3031 975 3096 laudasse
990 3029 1129 3094 Plinium
1146 3030 1262 3095 dicitur
1277 3048 1325 3111 ep.
1339 3032 1389 3096 IV
1403 3037 1451 3110 17,

318 3150 380 3196 non
407 3131 593 3214 impediunt,
629 3133 796 3216 quominus
820 3132 990 3201 Corellium
1024 3137 1098 3216 post
1124 3136 1255 3200 mortem
1279 3133 1454 3199 Domitiani

318 3253 346 3299 a.
370 3240 410 3298 97
435 3236 501 3318 (vel
524 3233 579 3320 98)
613 3236 680 3302 vita
704 3237 838 3302 cessisse
861 3239 1054 3304 statuamus:
1088 3256 1152 3301 non
1180 3237 1282 3318 magis
1309 3256 1391 3320 quae
1414 3238 1453 3302 de

318 3338 461 3403 Helvidii
483 3357 581 3405 causa
595 3359 615 3405 a
630 3339 734 3406 Plinio
755 3341 828 3406 vivo
845 3338 981 3408 Corellio
997 3342 1070 3406 ecta
1086 3359 1135 3423 ep.
1151 3341 1206 3405 IX
1220 3346 1259 3405 13
1275 3341 1452 3421 traduntur,

319 3442 455 3524 quaein
478 3462 505 3509 a.
530 3449 570 3507 97
594 3443 721 3510 cadunt.
769 3446 884 3526 ltaque
906 3445 947 3510 ad
974 3445 1060 3509 hunc
1082 3463 1198 3509 annum
1227 3445 1280 3510 vel
1302 3445 1330 3509 si
1352 3445 1453 3510 mavis

319 3545 360 3610 ad
382 3564 410 3611 a.
435 3550 475 3610 98
499 3547 666 3628 epistolam
688 3548 762 3614 112
786 3550 915 3614 auctore
938 3548 1134 3614 Mommseno
1156 3546 1337 3614 referemus

236 3663 291 3707 rso
404 3649 527 3714 Rursus
550 3650 748 3716 Asbachium
776 3650 953 3732 putaverim
977 3669 1109 3732 errasse,
1144 3669 1214 3716 cum
1242 3653 1282 3716 de
1305 3670 1354 3733 ep.
1379 3653 1453 3718 120

318 3752 351 3817 in
384 3752 469 3817 bunc
496 3753 621 3819 modurn
655 3754 798 3836 disputat
825 3751 868 3838 (p.
898 3751 952 3838 44)
988 3757 1087 3836 „eceb
1114 3756 1166 3820 die
1191 3759 1235 3819 ιἰη
1262 3753 1319 3820 20.
1343 3755 1454 3836 Beo'efe

318 3855 402 3938 §12
429 3857 688 3943 Iecrooepelrobeoe
714 3859 837 3941 bchtee
867 3857 1048 3923 Teiloobme
1081 3882 1124 3921 oo
1152 3860 1220 3923 deos
1248 3860 1454 3926 baiserle'cbec

318 3963 482 4026 consilium
504 3961 525 4038 (
520 3964 702 4046 frequenter·
727 3964 762 4024 ιἰι
789 3962 918 4025 consilio
941 3963 1017 4042 feei),
1045 3985 1085 4026 zu
1112 3963 1181 4027 dem
1205 3962 1331 4026 Plinius
1360 3965 1454 4026 oach-

318 4065 455 4130 wec'stirb
477 4065 613 4129 decimat
634 4065 861 4148 biachezoyen
883 4065 991 4128 warde
1015 4063 1079 4146 (ep.
1106 4065 1156 4129 IV
1171 4071 1226 4140 22;
1256 4065 1303 4128 VI
1320 4072 1376 4141 22;
1400 4063 1455 4151 31)

319 4171 407 4245 fellere
429 4172 465 4232 ιἰι
491 4172 615 4253 ιριῖιιιι
639 4167 740 4232 Zeit.“
786 4166 868 4232 Nem
895 4168 980 4250 quod
1008 4167 1129 4232 Plinius
1156 4168 1267 4232 scribit
1299 4165 1455 4254 (120,12)

316 4272 500 4356 frequenter·
523 4274 582 4356 epi,
606 4274 788 4356 &equester
809 4273 960 4353 iudicavi,
982 4272 1172 4357 frequenter·
1193 4276 1228 4336 ιίι
1255 4275 1384 4338 consitio
1398 4274 1457 4358 sesi

319 4392 380 4438 non
415 4373 455 4438 de
489 4373 619 4439 Traiani
652 4373 782 4438 consilio
816 4374 984 4453 cogitetur,
1018 4373 1050 4437 in
1085 4375 1168 4457 quod
1203 4393 1299 4458 saepe
1333 4375 1456 4444 Plinius
